1842 3288
281 309 321 338 78
776 309 825 334 DE
859 309 1082 335 WALTEMO
1117 309 1272 335 MAPPlo

278 415 405 456 quam
432 398 502 438 ille
532 412 612 453 pro
634 411 740 454 agro
764 395 807 435 in
837 410 911 435 sua
936 395 1143 451 parochia
1166 395 1311 452 posito
1329 397 1427 451 jure
1450 397 1667 456 exigebat,
1689 416 1770 443 nec

277 492 371 516 cum
397 474 612 515 IIenricus
642 473 678 512 ΙΙ
703 469 879 512 flectere
901 480 1068 528 posset,
1100 472 1278 513 inimico
1301 488 1323 512 e
1352 472 1471 530 regia
1494 475 1614 517 curia
1642 476 1769 519 dece-

275 551 396 592 denti
428 566 470 591 se
495 548 640 599 offert,
665 557 795 604 atque
824 547 883 589 ita
906 564 1002 589 cum
1021 548 1262 606 alloquitur
1289 566 1295 588 :
1329 566 1350 587 «
1376 550 1580 602 Domine,
1606 553 1768 596 Paulus

273 627 498 684 apostolus
540 626 647 666 dicit
688 642 694 664 :
739 625 893 665 Estote
934 625 1178 667 imitatores
1213 625 1325 666 sicut
1370 603 1479 679 filiiii
1518 629 1764 682 carissimi;

271 704 409 746 Filius
430 712 572 744 autem
596 702 694 751 Dei,
714 703 830 742 Deus
854 710 1020 754 noster,
1038 718 1082 743 se
1108 703 1363 759 frequenter
1387 704 1626 746 secundum
1649 706 1769 748 infir·
1808 724 1835 758 ,j

272 780 453 821 miorem
484 779 549 820 sui
572 787 741 835 partem
777 794 820 819 se
852 777 989 819 filium
1025 779 1217 820 hominis
1249 779 1439 828 dicebat,
1464 781 1594 822 tacita
1622 783 1767 825 Patris

271 858 468 907 Deitate3
514 857 679 898 utinam
728 863 769 896 et
809 864 855 896 tu
894 856 1114 897 consimili
1155 856 1287 897 velles
1327 857 1574 899 humilitate
1616 860 1768 915 jurare

271 933 511 974 secundum
558 933 706 973 matris
751 931 970 982 officium,
1007 932 1245 990 aliquando
1286 933 1423 975 celata
1460 934 1598 991 patris
1637 951 1767 994 rega-

270 1011 406 1051 litate.
436 1010 508 1050 Sic
540 1009 667 1050 decet
696 1009 857 1049 imitari
884 1010 1043 1060 Deum,
1069 1010 1145 1066 qui
1171 1009 1282 1050 nihil
1317 1011 1407 1067 egit
1434 1020 1708 1069 arroganter.
1741 1030 1763 1053 »

329 1088 443 1127 Haec
475 1095 605 1142 atquc
631 1086 734 1126 talia
766 1085 912 1126 nullus
941 1085 1026 1127 nisi
1053 1086 1166 1127 male
1194 1086 1325 1127 dictis
1354 1096 1396 1128 et
1424 1103 1500 1144 spe
1529 1088 1764 1146 desperata

274 1163 461 1204 afflictus
485 1162 632 1203 dicere
660 1178 852 1219 unquam
876 1162 1035 1219 potuit.
1060 1164 1148 1204 Nec
1170 1163 1286 1204 enim
1305 1165 1393 1219 jam
1409 1164 1626 1207 walterio
1654 1165 1767 1205 inte-

270 1257 394 1298 grum
436 1240 601 1296 aliquid
646 1240 917 1280 remanebat.
961 1241 1068 1281 Nam
1109 1255 1224 1281 anno
1269 1240 1379 1282 1183
1416 1241 1607 1291 Marteli,
1642 1242 1765 1297 juxta

271 1318 539 1366 Lemovium,
576 1317 663 1357 vita
704 1317 938 1358 defunctus
979 1317 1093 1358 filius
1129 1317 1264 1375 Regis
1299 1326 1380 1369 est,
1418 1318 1651 1368 Henricus,
1688 1318 1764 1375 qui

272 1410 388 1435 arma
412 1402 565 1435 contra
593 1402 761 1450 patrem
784 1410 939 1435 recens
958 1402 1251 1435 converterat.
1278 1395 1402 1435 IIunc
1428 1403 1571 1436 autem
1595 1395 1765 1438 Walte-

272 1472 361 1512 rius
384 1471 508 1511 valde
531 1472 704 1512 amabat
729 1488 736 1511 :
770 1472 871 1524 Qui,
897 1480 943 1512 ut
965 1472 1040 1521 ait,
1074 1489 1093 1510 «
1126 1472 1353 1528 speciosus
1383 1473 1504 1528 (erat)
1531 1488 1637 1529 prae
1665 1487 1764 1513 cae-

270 1549 375 1589 teris
406 1557 570 1588 statura
601 1557 641 1588 et
672 1548 797 1598 facie,
829 1548 1111 1589 beatissimus
1141 1548 1393 1605 eloquentia
1422 1558 1464 1589 et
1485 1548 1759 1600 affabilitate,

270 1626 498 1666 hominum
527 1641 674 1666 amore
702 1634 744 1666 et
770 1626 909 1685 gratia
940 1634 982 1666 et
1010 1625 1178 1666 fervore
1201 1625 1482 1667 felicissimus
1506 1644 1552 1676 »;
1578 1626 1761 1667 forsitan

270 1703 399 1743 etiam
429 1702 672 1759 speraverit
694 1718 791 1743 eum
809 1703 893 1743 sibi
912 1704 1001 1759 jam
1024 1702 1201 1759 longam
1219 1702 1353 1744 vitam
1376 1712 1557 1760 experto
1582 1718 1761 1743 munera

271 1779 342 1820 illa
389 1780 727 1820 commissurum
769 1795 881 1830 esse,
927 1795 1037 1836 quae
1079 1779 1274 1820 studiose
1310 1788 1458 1821 tamen
1503 1780 1764 1821 inservienti

265 1865 387 1913 pater
433 1856 740 1913 denegaverat.
797 1857 915 1914 Ergo
961 1857 1145 1897 tristitia
1199 1856 1462 1900 Walterium
1510 1857 1757 1897 invadebat.

267 1933 395 1975 Solus
431 1950 506 1974 rex
546 1942 654 1984 erat,
693 1936 782 1990 jam
813 1933 973 1974 multos
1011 1949 1149 1974 annos
1182 1942 1328 1985 natus,
1355 1934 1431 1991 qui
1462 1942 1612 1991 posset
1636 1933 1762 1974 ardo-

266 2026 355 2051 rem
394 2012 488 2067 ejus
524 2011 568 2050 in
601 2026 647 2051 re
682 2011 863 2068 politica
897 2010 1127 2051 adhibere.
1168 2010 1257 2051 Sed
1297 2011 1508 2067 paulatim
1548 2010 1762 2051 dissolve-

264 2088 426 2128 bantur
466 2096 613 2144 partes
654 2088 873 2146 Angevini
913 2087 1216 2146 illius·Regni
1258 2087 1392 2145 quod,
1435 2096 1536 2145 post
1576 2103 1645 2128 res
1685 2087 1759 2128 diu
1791 2089 1793 2092 ’

266 2164 479 2205 secundas
509 2165 716 2206 adversae
746 2165 1074 2207 concutiebant.
1108 2165 1236 2205 Anno
1268 2164 1381 2206 1186
1412 2165 1597 2205 moritur
1625 2163 1763 2205 Geof-

266 2241 373 2282 frius
401 2259 407 2281 :
434 2242 503 2282 hic
527 2242 656 2282 etiam
675 2258 719 2283 se
737 2250 966 2300 receperat
981 2242 1097 2299 apud
1121 2242 1186 2282 sui
1210 2242 1349 2298 patris
1374 2242 1562 2290 hostem,
1589 2241 1760 2297 patien-

266 2327 438 2374 terque,
463 2327 510 2359 ut
532 2319 742 2376 accipiter
769 2319 1038 2360 imbecillam
1061 2318 1286 2376 praedam,
1313 2298 1482 2377 juxtam
1501 2318 1758 2375 Philippum

264 2395 527 2452 Augustum,
558 2397 771 2447 Lutetiae,
810 2397 990 2438 Henrici
1029 2396 1212 2437 secundi
1244 2388 1752 2437 occasunsobservabat.

264 2471 391 2512 Anno
426 2471 552 2522 1187,
579 2473 776 2529 proluvie
806 2489 853 2514 ac
884 2473 996 2515 fame
1026 2473 1257 2514 laborabat
1287 2473 1445 2532 Anglia
1464 2474 1490 2524 ¹,
1515 2472 1760 2529 eodemque

264 2556 465 2604 tempore
479 2559 735 2608 oppugnata
752 2567 772 2591 a
792 2550 1000 2593 Saladino
1017 2550 1322 2606 Hierosolyma
1339 2550 1595 2607 capiebatur
1615 2566 1622 2590 :
1639 2548 1758 2606 quod

265 2625 519 2666 hominibus
548 2642 648 2667 vere
678 2627 942 2669 Christianis
964 2629 1104 2668 visum
1128 2635 1195 2668 est
1216 2626 1375 2667 multas
1401 2626 1598 2667 miserias
1620 2625 1758 2666 immi-

265 2717 385 2743 nere.
421 2703 678 2759 Insequenti
703 2719 816 2744 anno
851 2704 1094 2746 rebellione
1126 2719 1234 2745 nova
1264 2720 1285 2745 a
1318 2703 1529 2762 Philippo
1559 2703 1758 2760 Augusto

313 2868 339 2898 l.
365 2870 410 2897 De
429 2868 545 2909 Sagis.
564 2879 598 2908 p.
622 2869 693 2905 235,
717 2869 786 2898 237.
