1842 3288
18 520 27 661 ..-ιμ’-..-

239 325 280 355 58
730 333 781 358 DE
814 333 1038 359 WALTEMO
1073 332 1229 358 MAPPIO

238 415 379 465 cionc,
411 431 538 472 quam
568 416 804 474 signabant
830 417 1114 459 Fcodalitatis
1145 417 1293 458 odium
1323 434 1564 475 parumque
1593 418 1729 460 dissi-

237 491 422 532 mulatae
454 492 609 542 minae,
642 494 896 544 Henricum,
922 494 1096 545 iratum,
1128 495 1337 534 baronem
1366 494 1498 535 istum
1520 494 1722 552 fregisse.

237 568 328 633 Re}
374 568 500 609 aliter
554 585 599 610 sc
656 570 828 611 habuit.
885 571 1115 620 licuricus,
1167 570 1394 627 proposito
1448 571 1533 613 sibi
1581 570 1727 611 Ludo-

236 643 318 684 vici
346 645 423 686 VII
453 646 670 702 exemplo,
701 647 1017 687 'I'ancarvillam
1048 647 1248 696 absolvit,
1282 647 1467 704 fictaque
1495 647 1726 704 generosi-

236 729 324 760 tate
370 722 545 763 simulat
596 723 712 780 quod
757 732 910 764 contra
961 724 1244 765 Fcodalitatis
1284 724 1398 764 vires
1439 739 1525 765 non
1567 732 1725 781 sponte

237 797 394 839 cedere
414 800 605 858 cogitur.

296 874 475 916 Talibus
518 877 729 917 historiae
776 877 1052 918 documentis
1100 886 1165 918 sat
1214 878 1476 935 intelligitur
1529 885 1635 934 quot
1666 886 1723 927 ret

237 952 412 1007 quantis
441 953 558 993 curis
588 962 630 994 et
658 953 990 994 discriminibus
1020 954 1199 1010 implexi
1235 955 1397 995 suerint
1424 970 1551 1011 reges
1579 955 1720 995 nostri

237 1029 311 1085 qui
358 1029 489 1085 primi
529 1029 605 1070 has
645 1029 934 1070 Feoclalitatis
973 1039 1139 1071 turmas
1177 1031 1359 1088 aggredi
1399 1031 1492 1071 ausi
1534 1038 1637 1070 sunt
1677 1039 1720 1071 ct

234 1106 432 1157 vincere,
476 1114 518 1147 et
565 1106 720 1147 exinde
766 1107 904 1165 magis
957 1107 1172 1148 mirabere
1218 1107 1456 1148 nonnullos
1510 1108 1720 1163 primates

236 1183 326 1239 qui,
357 1183 542 1239 perinde
571 1199 619 1224 ac
641 1183 902 1240 Ranulphus
924 1183 978 1224 dc
1001 1184 1219 1224 Glanvilla
1237 1200 1409 1225 necnon
1426 1193 1469 1224 et
1491 1183 1719 1225 Gilbertus

232 1258 396 1311 Foliot,
445 1259 598 1301 audaci
644 1276 772 1300 manu
821 1269 862 1301 et
907 1260 1192 1301 devotissimo
1239 1261 1384 1301 animo
1431 1276 1558 1318 reges
1600 1260 1718 1316 ipsos

234 1336 390 1377 fulcire
418 1345 460 1377 et
480 1336 595 1377 tueri
618 1353 704 1377 non
727 1337 1002 1378 dubitarunt.

642 1414 859 1455 srcnuinus
883 1424 948 1455 est
968 1423 1098 1471 typus
1121 1415 1278 1455 horum
1301 1414 1497 1455 fidelium
1516 1415 1713 1472 equitum

640 1449 665 1473 t>

231 1506 283 1531 ex
310 1491 468 1548 quibus
503 1491 668 1546 delegit
703 1491 918 1532 chricus
947 1492 1113 1548 primos
1151 1491 1360 1533 officiales
1401 1507 1512 1549 quos
1552 1491 1715 1551 Anglia

292 1414 416 1454 Prior
439 1413 617 1470 quidem

232 1568 365 1608 novit.
399 1568 579 1608 Inclitus
614 1568 684 1609 hic
714 1584 848 1626 eques
878 1568 1139 1625 Ranulphus
1174 1585 1255 1625 pro
1295 1570 1437 1610 Marte
1474 1585 1551 1609 suo
1589 1569 1723 1609 victo-

232 1645 366 1685 riam¹
421 1644 614 1685 obtinuit
670 1645 1026 1687 Alnwickensem
1088 1645 1131 1685 in
1185 1662 1269 1702 qua
1321 1646 1540 1703 captivum
1599 1644 1722 1686 duxit

233 1722 424 1762 Scottiae
448 1738 620 1779 regem3
652 1722 812 1763 ardens
841 1722 1109 1764 Christicola
1131 1723 1262 1763 vitam
1296 1723 1395 1764 iniit
1422 1723 1668 1780 prioratum
1687 1722 1717 1773 ²,

232 1799 467 1847 abbatiam,
502 1799 833 1856 hospitiumque
863 1799 1092 1848 struendo,
1126 1800 1466 1857 terminavitque
1510 1800 1720 1841 Sanctum

230 1876 440 1916 Joannem
472 1876 714 1916 Acrensem
746 1876 1016 1929 obsidend03
1043 1877 1305 1934 Ranulphus
1340 1877 1615 1918 industriosa
1655 1885 1719 1918 est

229 1953 323 2009 apis
355 1953 625 2008 judiciorum
660 1953 1016 1994 renovandorum
1058 1954 1219 2010 quibus
1256 1944 1463 2010 ardentes*
1492 1954 1721 1995 studuerat

230 2030 445 2070 Henricus
480 2038 527 2070 ut
554 2030 800 2071 certissime
831 2031 1136 2071 auctoritatem
1172 2030 1381 2073 firmaret.
1410 2031 1557 2073 Semel
1589 2039 1718 2088 atque

231 2107 419 2147 iterum3
443 2123 464 2146 a
512 2123 614 2164 rege
661 2106 914 2148 nominatus
961 2108 1076 2148 inter
1116 2107 1288 2165 judices
1333 2111 1604 2156 itinerantes,
1655 2115 1722 2148 sat

228 2183 598 2224 consuetudinum
623 2184 793 2241 peritus
817 2193 863 2225 ut
885 2185 1036 2225 haberi
1066 2184 1291 2226 videretur
1321 2194 1472 2226 auctor
1500 2185 1719 2241 antiquis-

230 2260 328 2300 simi
351 2260 403 2300 de
432 2262 532 2302 Jure
556 2261 745 2320 Anglico
761 2262 1080 2312 4monumenti,
1101 2262 1362 2319 Ranulphus
1385 2262 1468 2303 iste
1491 2278 1512 2302 a
1537 2262 1718 2302 domino

230 2337 518 2378 cancellarius
558 2347 732 2379 creatus
767 2347 853 2379 est.
898 2339 1014 2391 Quas
1057 2339 1251 2379 muneris
1281 2348 1428 2396 partes
1457 2339 1568 2380 adeo
1609 2338 1718 2380 fide-

230 2414 331 2454 liter
351 2414 541 2471 explevit
563 2424 609 2455 ut
637 2415 801 2456 Oculus
829 2416 963 2473 Regis
981 2418 993 2437 ⁵
1018 2432 1039 2456 a
1055 2424 1200 2456 vetere
1224 2416 1440 2473 scriptore
1464 2417 1520 2457 sit
1549 2431 1718 2457 nuncu-

228 2499 372 2547 patus,
402 2500 490 2532 tam
524 2508 626 2532 vero
662 2508 797 2550 aequa
828 2501 972 2533 mente
1001 2501 1048 2533 ut
1081 2492 1321 2536 WValterius
1351 2494 1554 2551 Mappius
1585 2493 1714 2534 nobis

227 2568 356 2623 hujus
380 2569 636 2609 memoriam
663 2569 874 2610 traderet.
908 2570 1185 2622 Querebatur
1206 2570 1323 2610 enim
1346 2570 1398 2611 de
1429 2571 1714 2627 corruptione

266 2701 294 2730 1.
314 2701 365 2730 13³
385 2701 577 2733 Julii1174.
601 2720 640 2725 —
661 2702 830 2733 Girardus
856 2702 1091 2740 Cambrensis,
1117 2703 1156 2742 V,
1180 2704 1253 2733 300.

264 2750 293 2777 2.
320 2748 441 2788 Butley
465 2749 612 2780 Monast.
634 2767 674 2771 —
694 2750 831 2779 Seiston
851 2750 931 2781 abb.
956 2768 997 2772 —
1017 2751 1198 2780 Semerton
1214 2750 1330 2790 hosp.‚
1355 2751 1446 2781 1163.

265 2797 295 2825 3.
315 2795 393 2825 1176
417 2796 564 2827 et1179.

262 2843 293 2871 4.
313 2842 422 2882 Hujus
444 2843 560 2883 operis
581 2843 764 2884 Ranulpho
788 2844 992 2874 attribuitur
1012 2844 1120 2875 honos
1143 2846 1163 2874 a
1182 2846 1328 2886 Rogerio
1353 2846 1393 2876 de
1416 2846 1593 2878 Hoveden.

264 2892 293 2919 5.
313 2890 409 2920 Rich.
432 2890 473 2920 de
497 2890 651 2930 Devises,
673 2891 781 2932 Epist.
803 2893 968 2923 Cantuar.
990 2892 1079 2923 Roll.
1095 2892 1216 2932 series,
1235 2903 1269 2933 p.
1295 2895 1367 2925 305.
