1842 3288
178 327 218 356 54
672 337 724 361 DE
760 338 986 364 WALTERIO
1022 337 1178 363 MAPPIO

177 427 301 474 parat
322 434 418 459 cum
446 417 497 459 iis
520 436 629 476 quae
653 421 705 461 de
730 418 892 463 Proteo
914 423 1049 464 tradit
1078 422 1241 463 sabula.
1268 422 1443 479 Corpus
1474 438 1669 474 enorme,

178 495 239 536 sic
277 496 391 535 enim
434 495 576 552 placet
607 499 766 554 poetis,
805 500 897 540 sinc
933 500 1018 540 fine
1053 499 1383 549 immutabatur,
1424 507 1484 550 ut,
1520 499 1672 540 avulso

182 572 396 619 membro,
440 572 625 614 alterum
658 586 985 627 rcnasceretur3
1021 576 1221 616 mutilum
1251 575 1382 615 hodic
1411 584 1453 616 et
1486 576 1672 617 informe

182 656 427 688 monstrum
468 665 562 690 cras
603 651 825 711 integrum
873 653 1036 703 stabat3
1086 652 1199 693 laesa
1247 651 1463 693 exteriore
1513 652 1668 700 forma,

178 722 287 762 nihil
310 724 530 767 sublatum
559 737 651 769 crat
679 729 798 785 quod
831 730 942 770 vitae
973 729 1085 770 soret
1120 728 1418 769 necessarium
1449 745 1457 768 :
1492 729 1595 770 item
1619 729 1671 769 de

177 798 320 841 bellua
348 803 466 858 turpi
494 812 537 844 ct
564 804 803 856 horrenda,
834 806 904 847 cui
926 807 1067 864 capita
1105 805 1239 856 mille,
1277 821 1388 861 quae
1422 805 1543 862 regia
1577 805 1673 846 aula

177 885 383 917 vocatur:
413 896 434 918 «
472 880 709 922 Multitudo
748 891 864 923 certe
900 898 1048 923 sumus
1079 882 1266 931 infinita,
1293 882 1368 922 uni
1391 881 1473 922 soll
1499 882 1672 939 placere

175 954 451 996 contendens
470 974 515 1006 »3
555 974 576 996 «
602 967 643 998 et
664 959 795 999 hodie
819 975 967 1000 sumus
997 975 1080 1000 uua
1104 959 1357 1007 multitudo,
1383 975 1478 1000 cras
1508 959 1671 1000 erimus

178 1028 275 1070 alia.
309 1032 438 1073 Curia
460 1049 562 1074 vero
586 1051 673 1075 non
710 1044 923 1086 mutatur3
949 1036 1101 1077 eadem
1131 1052 1305 1093 semper
1332 1044 1410 1076 cst.
1447 1036 1672 1078 Centima-

178 1121 261 1147 nus
283 1108 408 1167 gigas
431 1119 497 1151 est
518 1112 609 1168 qui,
639 1121 756 1153 totus
785 1113 1025 1162 mutilatus,
1049 1121 1166 1154 totus
1195 1121 1261 1154 est
1282 1113 1397 1154 idem
1419 1114 1446 1153 ¹.
1470 1130 1491 1152 »

237 1184 386 1226 Altera
426 1187 603 1229 collatio
644 1205 728 1246 qua
768 1191 993 1247 Mappium
1030 1193 1152 1247 juvat
1185 1191 1248 1230 uti
1288 1206 1375 1231 non
1413 1190 1557 1230 minus
1591 1206 1668 1231 usu

176 1260 278 1301 trita
312 1262 535 1305 videretur
577 1266 664 1307 nisi
695 1266 1048 1308 meminissemus
1092 1267 1180 1307 illis
1221 1267 1499 1322 temporibus
1542 1266 1671 1307 modo

157 1346 299 1385 ,natas
323 1340 524 1397 Europae
550 1351 722 1400 ἔειπες,
755 1352 893 1384 aetate
923 1344 1064 1384 adhuc
1086 1343 1221 1384 veluti
1248 1343 1409 1400 puerili
1439 1343 1672 1400 pueriliter

176 1415 408 1473 cogitasse.
437 1418 572 1470 Quasi
600 1419 733 1461 inferi
762 1420 917 1461 domus
947 1421 1082 1478 regia,
1115 1436 1202 1461 non
1230 1429 1318 1460 tam
1343 1429 1527 1477 propter
1551 1419 1671 1460 dolo-

178 1505 246 1531 res
270 1507 320 1532 eo
353 1494 632 1536 venientibus
663 1497 915 1538 tolerandos
938 1513 1066 1554 quam
1093 1496 1212 1554 quod
1239 1496 1445 1537 vitiorum
1473 1497 1669 1537 omnium

177 1576 241 1608 est
288 1572 631 1627 receptaculum.
687 1573 1043 1631 Unumquodque
1093 1573 1346 1631 capitalium
1388 1581 1669 1631 peccatorum

175 1643 320 1701 aliquo
361 1662 382 1687 e
426 1649 646 1690 Tartareis
681 1649 953 1700 fluminibus,
990 1651 1243 1692 Acheronte
1286 1650 1472 1699 scilicet,
1514 1651 1666 1708 Styge,

173 1721 512 1779 Phlegethonte,
553 1727 733 1783 Cocyto,
783 1728 919 1768 Lethe
963 1743 1234 1784 expressum,
1273 1743 1361 1768 non
1408 1728 1451 1768 in
1493 1728 1666 1768 subter-

172 1800 315 1839 raneis
353 1801 532 1843 sedibus
563 1803 774 1859 pestifero
816 1820 913 1845 aere
952 1804 1128 1845 infectis
1175 1804 1395 1856 desaevit,
1445 1804 1522 1845 sed
1564 1804 1668 1845 solis

173 1876 253 1916 sul)
277 1876 388 1928 luce,
423 1878 467 1919 in
495 1879 626 1921 domo
661 1889 759 1921 ante
788 1882 984 1922 omnium
1018 1881 1169 1922 oculos
1197 1881 1382 1938 patenti,
1414 1897 1560 1923 coram
1589 1881 1665 1922 illo

174 1953 249 2009 qui
270 1954 350 1994 Dei
380 1955 424 1995 in
449 1956 517 1997 his
557 1959 687 1999 terris
721 1959 907 1999 vicarius
934 1967 999 1999 est
1028 1975 1036 1999 :
1074 1976 1095 1998 «
1127 1960 1235 2015 Styx
1274 1958 1511 2000 estodium
1537 1959 1666 1999 nobis

173 2029 372 2071 innatum
396 2048 448 2073 ex
469 2034 610 2075 alieno
638 2035 705 2076 vel
736 2043 888 2076 nostro
915 2035 1044 2086 viti03
1075 2035 1356 2094 Phlegethon
1384 2036 1516 2076 ardor
1539 2036 1664 2092 cupi-

171 2107 321 2149 ditatis
344 2118 386 2150 et
406 2111 519 2161 irae3
551 2112 709 2153 Lethes
738 2112 901 2153 oblivio
923 2112 1129 2153 beneficii
1153 2113 1376 2154 Creatoris
1399 2122 1441 2154 et
1468 2113 1660 2170 promis-

169 2184 307 2226 sionis
336 2186 380 2227 in
409 2188 627 2244 baptismo
657 2189 806 2239 datac;
842 2190 1048 2246 Cocytus,
1080 2189 1223 2230 luctus
1255 2206 1307 2230 ex
1334 2190 1498 2230 nostris
1535 2190 1664 2230 nobis

167 2261 359 2304 inflictus
382 2266 633 2307 excessibus
649 2285 716 2317 3...
735 2267 940 2308 Acheron
959 2267 1158 2318 tristitia,
1184 2267 1353 2308 scilicet
1374 2267 1442 2308 vel
1460 2283 1512 2308 ex
1535 2266 1664 2308 dictis

168 2339 235 2379 vel
264 2357 315 2380 ex
356 2341 479 2383 factis
513 2344 802 2400 poenitentia,
832 2344 900 2384 vel
935 2360 987 2385 ex
1016 2344 1177 2401 cupitis
1212 2352 1254 2385 et
1299 2360 1387 2384 non
1422 2344 1663 2390 assecutis;

173 2415 439 2475 flagitiorum
463 2429 535 2461 aut
562 2419 734 2478 flagella
758 2437 1053 2478 poenarumve
1076 2421 1306 2478 passiones
1335 2421 1406 2462 hic
1429 2421 1661 2479 assignare

172 2509 429 2550 possumus3
461 2498 636 2538 Charon
665 2498 728 2555 (in
751 2499 820 2539 his
852 2499 987 2539 animi
1015 2498 1244 2556 aegritudo
1273 2501 1474 2555 apparet)
1501 2497 1665 2538 inferni

170 2572 375 2628 portitor,
400 2574 622 2615 neminem
651 2574 695 2615 in
719 2575 871 2631 cymba
903 2575 1164 2623 transvehit,
1199 2575 1282 2615 nisi
1319 2575 1394 2632 qui
1426 2576 1588 2631 stipem
1611 2575 1663 2615 ab

170 2664 245 2689 ore
273 2650 464 2708 porrigit
491 2667 499 2691 z
519 2652 572 2691 ab
594 2667 668 2692 ore
691 2651 868 2701 (licitur,
894 2668 983 2693 non
1004 2668 1026 2693 a
1049 2668 1196 2703 manu,
1222 2653 1324 2709 quia
1347 2660 1499 2693 noster
1523 2651 1665 2709 porti-

168 2733 251 2774 tor,
281 2727 316 2766 si
339 2727 611 2783 promiseris,
644 2729 927 2785 obsequitur3
953 2729 989 2770 si
1012 2729 1205 2780 dederis⁷
1237 2738 1279 2770 te
1303 2745 1392 2770 non
1421 2735 1665 2786 cognoscet

216 2892 243 2922 ¹1.
266 2894 312 2922 De
333 2892 452 2934 Nugz'S,
469 2904 504 2934 p.
527 2894 556 2931 2,
582 2905 617 2934 p.
637 2895 709 2926 238.

1824 2594 1842 2629 ‘⁸2
1822 2383 1842 2581 {mursam-‘af
1837 2367 1842 2371 .
1838 2346 1842 2351 .
1833 2328 1842 2338 0

1807 3118 1833 3288 ’τιμέων-Α
1819 3054 1829 3089 ..
