1873 3329
0 0 420 104 fi*

102 22 130 37 ..Δ

0 108 18 119 ,.

391 377 439 402 ΒΕ
475 377 638 402 nomNE
673 378 721 402 AC
759 377 808 402 DE
843 377 1007 402 VHUBUS
1041 374 1338 401 courraevrioxls
1544 373 1597 402 1⁰1

118 480 198 511 ine,
237 478 322 503 non
355 470 419 502 est
450 479 514 503 nic
558 462 733 519 dignus.
776 480 796 501 »
836 464 951 502 Deus
987 477 1134 502 eorum
1165 461 1303 501 dicit:
1338 479 1358 499 «
1394 462 1476 514 Qui
1513 478 1598 502 non

115 539 371 597 adquisierit
395 539 537 579 omnia
569 548 751 595 propter
774 555 836 587 se,
862 554 948 578 non
973 546 1038 577 est
1068 554 1133 577 mc
1157 537 1317 593 dignus
1344 556 1419 581 »...
1445 539 1601 580 Noster

115 616 256 657 dicit:
284 634 304 654 «
337 615 420 668 Qui
456 616 583 655 habet
614 614 720 655 duas
756 615 942 663 tunicas,
979 614 1051 654 det
1077 629 1162 654 non
1200 614 1395 655 habenti.
1432 632 1451 653 »
1484 617 1599 655 Deus

112 709 262 734 eorum
298 709 306 733 :
343 711 360 730 «
408 693 454 733 Si
493 707 578 732 non
621 692 754 732 habes
795 691 902 732 duas
952 691 1140 739 tunicas,
1189 691 1310 731 auser
1339 691 1536 732 habenti.
1577 710 1597 730 »

110 771 267 811 Noster
313 785 320 809 :
364 788 382 807 (ι
427 769 586 809 Beatus
634 768 706 825 qui
750 767 961 825 intelligit
1001 783 1133 824 super
1178 783 1365 825 egenum
1403 767 1459 825 {ac
1493 785 1601 825 pau-

116 862 264 903 perem
304 863 346 895 »ς
390 860 539 886 eorum
573 862 578 884 z
620 863 639 883 (ι
680 846 839 885 Beatus
875 844 948 901 qui
989 844 1141 884 fecerit
1176 860 1362 901 egenum
1406 860 1453 884 ac
1494 860 1601 900 pau-

112 939 279 980 perem.
309 941 328 961 »
359 923 518 963 Noster
541 922 599 962 ait
622 938 628 961 :
657 939 675 959 «
695 922 756 962 Ne
780 930 1019 981 graventur
1047 921 1178 962 corda
1200 929 1360 970 vestra,
1387 921 1599 962 attendite

110 1001 226 1041 curis
249 1000 377 1056 hujus
401 998 578 1047 saeculi,
605 1014 657 1038 nc
686 999 966 1055 superveniat
994 998 1036 1038 in
1065 1014 1139 1038 vos
1165 999 1421 1055 repentinus
1438 997 1547 1039 dies.
1577 1015 1596 1037 »

111 1078 272 1117 Eorum
305 1076 413 1116 dicit
451 1092 457 1115 :
496 1075 772 1116 «Attendite
816 1091 866 1115 ne
907 1083 1148 1133 graventur
1195 1075 1413 1132 marsupia
1457 1083 1599 1115 vestra

108 1170 186 1211 per
209 1169 335 1194 curas
359 1153 489 1208 hujus
513 1152 693 1199 saeculi,
726 1168 779 1193 ne
808 1151 1089 1208 superveniat
1120 1152 1161 1192 in
1189 1168 1265 1192 vos
1288 1152 1413 1208 quasi
1439 1152 1596 1199 viator,

108 1239 278 1287 egestas
315 1248 392 1270 n...
427 1230 548 1281 Quae
579 1245 674 1269 cuin
705 1244 784 1269 nos
819 1229 1028 1287 legimus,
1057 1230 1145 1285 jani
1181 1237 1351 1269 sextum
1380 1228 1598 1269 decimum

110 1306 331 1348 saeculum
369 1305 522 1347 adesse
564 1305 782 1346 credimus
822 1314 863 1346 et
895 1305 1107 1362 quosdam
1146 1314 1450 1362 exspectamus
1489 1320 1598 1362 quos

111 1383 390 1424 meminimus
419 1382 614 1423 eamdem
655 1382 984 1439 Scripturarum
1018 1382 1313 1438 eloquentiam
1345 1396 1594 1439 usurpasse.

110 1459 197 1501 Sed
214 1459 455 1502 XYalterius
476 1475 562 1500 non
581 1475 627 1500 ca
648 1474 668 1500 e
690 1459 932 1516 Scripturis
950 1467 1207 1517 argumenta
1224 1458 1459 1500 detordere
1476 1466 1599 1499 curat

107 1552 216 1593 quac
248 1536 311 1577 illi
340 1536 560 1593 posterius
588 1553 595 1576 :
629 1551 771 1577 mores
798 1536 1014 1595 castigare
1037 1545 1079 1577 et
1111 1536 1345 1577 emendare
1368 1544 1505 1576 curat.

167 1613 278 1654 Illud
307 1614 422 1654 enim
454 1613 496 1653 in
519 1613 734 1656 walterio
756 1613 936 1670 Mappio
958 1628 1148 1670 persona
1170 1613 1348 1654 tertium
1373 1612 1596 1670 specimen

107 1690 354 1732 invenimus
397 1707 404 1730 :
444 1691 561 1748 quod
601 1706 620 1730 a
661 1689 855 1731 secundo
893 1689 1058 1738 differt,
1090 1689 1173 1731 etsi
1204 1690 1450 1731 confirmet.
1488 1690 1596 1730 Nam

106 1766 199 1808 lieri
234 1767 377 1825 potuit
412 1776 455 1808 ut
489 1768 532 1808 in
573 1767 652 1808 hac
694 1776 834 1808 aetate
869 1766 1054 1808 interius
1089 1766 1198 1808 fides
1245 1767 1416 1818 lateret,
1452 1767 1510 1807 ita
1548 1772 1596 1806 ut

103 1844 296 1900 propriis
331 1859 379 1885 ac
420 1843 587 1885 intimis
622 1843 989 1902 cogitationibus,
1029 1843 1313 1901 mysticisque
1344 1842 1596 1884 meditatio-

104 1921 232 1961 nibus
279 1921 514 1978 praecipue
555 1920 796 1979 gauderet3
839 1920 969 1961 etiam
1017 1920 1111 1962 fieri
1151 1921 1296 1978 potuit
1334 1929 1381 1962 ut
1424 1929 1594 1961 tantum

103 1998 271 2038 animos
300 1997 511 2039 invaserit
539 2007 668 2055 atque
699 1997 980 2055 occupaverit
1006 2006 1054 2038 ut
1087 1997 1256 2038 nullum
1287 1997 1503 2054 judicium
1527 1997 1594 2038 vel

101 2075 153 2115 ad
178 2090 322 2116 mores
345 2075 411 2116 vel
444 2074 497 2116 ad
538 2091 713 2116 omnem
746 2090 1066 2132 quamcumque
1101 2091 1192 2115 rem
1227 2083 1482 2132 respectans
1505 2090 1594 2115 non

103 2151 227 2208 quasi
262 2151 430 2193 flamma
473 2168 549 2193 sua
589 2168 637 2193 ac
677 2152 842 2193 lumine
876 2159 1130 2209 penetraret
1163 2160 1293 2209 atque
1334 2151 1589 2192 illustraret.

103 2228 219 2280 Quin
254 2229 384 2270 etiam
416 2228 524 2270 illud
554 2245 642 2269 non
683 2228 982 2270 concesserim
1021 2244 1114 2269 eam
1148 2244 1244 2269 esse
1283 2244 1429 2268 veram
1463 2237 1593 2285 atque

102 2304 319 2362 integram
367 2305 496 2346 fidem
540 2321 651 2362 quae
697 2321 785 2346 non
826 2305 1057 2346 credentes
1099 2305 1296 2362 impellat
1345 2305 1398 2346 ad
1449 2304 1592 2346 vultus

101 2381 397 2424 observandos
457 2383 711 2440 animasque
776 2381 998 2423 subtiliter
1061 2381 1380 2439 dispiciendas,
1436 2383 1492 2423 ita
1546 2390 1593 2423 ut

102 2457 275 2514 possint
293 2458 394 2501 inde
423 2459 542 2517 quod
565 2459 747 2501 credant
776 2459 948 2500 firmare
971 2468 1014 2500 et
1047 2459 1090 2499 in
1121 2474 1264 2500 mores
1293 2458 1590 2499 emendandos

101 2550 148 2576 ea
182 2544 455 2579 convertere.
491 2537 620 2590 Quod
658 2537 693 2577 si
716 2552 827 2594 quae
862 2536 969 2577 fides
1010 2552 1057 2577 ea
1091 2552 1179 2577 non
1214 2545 1352 2584 curet,
1384 2536 1590 2593 proprius

99 2619 267 2653 tantum
315 2612 500 2671 alicujus
546 2614 740 2655 hominis
787 2628 942 2654 sensus
986 2612 1058 2654 illa
1099 2622 1187 2662 est,
1228 2621 1301 2654 aut
1341 2613 1478 2654 amori
1519 2621 1591 2653 aut

97 2688 248 2730 timori
271 2690 468 2747 propior.
495 2690 712 2748 Equidem
735 2706 817 2748 ego
840 2705 927 2731 non
944 2690 1101 2747 ignoro
1117 2689 1248 2731 talem
1271 2690 1361 2731 fere
1384 2689 1588 2730 omnibus

98 2763 352 2807 hominibus
385 2766 528 2808 medio
564 2783 667 2808 aevo
702 2766 831 2807 fidem
861 2766 993 2807 fuisse
1029 2782 1127 2807 cum
1155 2766 1334 2808 incultis
1366 2766 1507 2806 adhuc
1538 2782 1586 2806 ac

99 2842 281 2884 rudibus
303 2844 524 2886 mentibus
553 2844 672 2885 nulla
699 2844 841 2885 noctis
865 2844 1071 2885 tenebras
1098 2843 1169 2884 lux
1198 2843 1503 2901 distringeret.
1530 2845 1586 2885 Ut

98 2933 200 2961 vero
240 2920 429 2978 primum
469 2920 731 2963 duodecimo
772 2920 946 2962 saeculo
994 2920 1207 2962 illucescit
1253 2919 1440 2971 coelum,
1490 2921 1583 2977 ipse
