1873 3329
525 247 575 272 DE
610 246 817 272 WALTlinn
856 247 994 272 survi!
1032 247 1125 271 vlu
1527 248 1563 272 “.'‘.⁸

80 335 288 390 majorem
346 332 522 389 Mappio
582 332 842 387 scriptorem
903 332 942 371 in
998 331 1155 370 litteris
1215 331 1422 386 ειυς-Ηώς,
1477 349 1558 372 nou

78 410 283 465 majorem
306 408 438 449 fuisse
468 407 797 449 reformatorem
820 416 919 448 ante
942 407 1188 449 Wiololium
1209 409 1232 447 ¹.

137 486 310 528 Utinam
357 485 481 526 liceat
524 484 755 525 laudabilis
801 485 877 524 viri
907 486 932 531 ³,
970 485 1043 540 qui
1080 501 1200 524 suam
1233 493 1416 525 aetatem
1456 486 1559 526 mira

77 562 211 604 refert
244 561 550 614 similitudine,
601 561 789 618 effigiem
821 561 1083 617 exprimere,
1123 562 1236 600 lium·
1275 562 1415 617 sequi,
1451 578 1561 618 quo-

77 655 261 696 cumque
293 655 339 679 se
363 638 564 688 eontulit,
597 647 746 695 postea
778 654 860 695 que
885 637 1065 678 ulterius
1093 638 1345 693 procedere,
1377 647 1418 678 vt
1441 655 1561 678 seru-

78 716 158 757 tari
182 732 289 773 quas
318 725 441 757 notas
471 716 667 772 insignes
696 715 869 756 habeat.

810 934 823 973 Ι

135 1065 182 1104 In
204 1063 270 1104 via
297 1079 380 1120 qua
402 1063 620 1104 Londinio
644 1063 878 1105 Cardivum
906 1063 1008 1112 itur,
1040 1063 1152 1103 ultra
1184 1062 1400 1103 bifurcum
1425 1079 1561 1119 prope

77 1140 385 1188 Cheltenham,
411 1141 565 1197 primis
588 1141 689 1197 pagi
718 1140 939 1181 (lallensis
967 1139 1155 1180 collibus
1184 1139 1418 1197 superatis,
1447 1139 1563 1179 inve-

78 1217 258 1258 niuntur
292 1233 454 1274 pascua
488 1217 562 1258 ubi
596 1226 837 1274 properant
863 1217 1104 1257 rivulorum
1140 1233 1276 1274 aquae
1311 1217 1391 1257 sul)
1427 1232 1563 1256 auno-

80 1310 224 1335 sarum
264 1295 469 1335 arborum
513 1295 679 1343 umbra,
717 1295 796 1334 sub
834 1294 1100 1334 tumulorum
1143 1293 1262 1334 silvis
1308 1294 1562 1334 vestitorum

79 1370 317 1413 radicibus,
362 1371 586 1427 Augustae
623 1370 774 1421 valles,
817 1371 976 1427 quibus
1021 1370 1204 1427 frigidae
1247 1370 1429 1410 nebulae
1476 1370 1563 1411 sere

81 1462 256 1504 semper
297 1448 522 1496 incubant,
557 1463 634 1504 per
668 1447 843 1507 longam
879 1447 1151 1488 saeculorum
1186 1448 1359 1495 seriem,
1392 1463 1564 1503 semper

79 1523 259 1575 virides,
308 1525 424 1566 tristi
455 1533 599 1566 tamen
641 1533 834 1581 aspectu,
885 1540 1059 1581 semper
1104 1524 1308 1565 humidae
1351 1540 1565 1565 remanse-

79 1610 196 1642 runt.
234 1603 279 1642 In
309 1618 356 1642 ea
388 1602 569 1661 regione
599 1618 726 1659 quam
762 1601 1090 1643 interscindunt
1124 1601 1286 1643 limites
1318 1603 1369 1643 ab
1403 1601 1564 1661 Anglia

77 1679 258 1735 proprie
281 1678 396 1720 dicta
417 1678 687 1722 wallensem
712 1695 869 1737 pagum
895 1680 1196 1736 sejungentes,
1217 1679 1331 1720 inter
1354 1679 1563 1735 populum

77 1764 305 1812 parentem
351 1755 529 1813 quidem
571 1756 747 1813 regibus
793 1756 1114 1800 Normannieae
1155 1756 1329 1813 stirpis,
1370 1756 1564 1796 moribus

76 1847 179 1873 vero
212 1832 514 1876 NVallensibus
561 1833 793 1884 imbutum,
834 1841 961 1874 natus
1003 1841 1069 1874 est
1107 1841 1150 1874 et
1188 1833 1293 1873 vixit
1328 1832 1565 1875 walterius

77 1909 299 1966 Mappius.

137 1987 186 2027 In
217 1986 331 2028 libro
359 1988 420 2028 De
455 1986 597 2044 Nugis
627 1987 873 2028 Cur-iaham
903 1987 955 2028 ad
976 1987 1203 2028 veritatem
1235 1987 1465 2028 adductam
1491 1987 1563 2027 ille

78 2062 258 2121 reliquit
297 2064 530 2121 imaginem
567 2064 698 2120 hujus
737 2065 900 2121 gentis,
944 2073 990 2105 ut
1036 2063 1161 2104 facile
1209 2063 1566 2119 deprehendatur

77 2139 187 2181 tales
216 2139 350 2181 fuisse
377 2140 545 2200 Anglos
572 2156 621 2182 eo
650 2149 848 2198 tempore
875 2140 1026 2198 quales
1053 2140 1182 2181 hodie
1212 2140 1339 2180 nobis
1375 2156 1419 2180 se
1445 2156 1566 2197 prae·

79 2225 210 2258 stant.
237 2218 345 2258 Cum
364 2216 567 2275 depingit
587 2218 703 2258 viros
726 2217 894 2259 excelsa
912 2226 1092 2267 statura,
1118 2216 1330 2274 quadrato
1360 2233 1558 2274 corpore,

77 2292 183 2334 flava
223 2309 361 2345 coma,
401 2310 552 2335 severo
588 2294 726 2345 vultu,
771 2312 791 2334 «
840 2295 1101 2351 praecipuos
1140 2294 1377 2335 acerbitate
1422 2294 1563 2351 impu-

74 2370 241 2428 gnandi
274 2379 316 2412 et
348 2371 593 2412 acritudine
629 2371 882 2421 resistendi,
914 2371 1025 2412 vitae
1061 2371 1288 2428 prodigos,
1321 2371 1397 2411 sed
1433 2371 1564 2410 armis

75 2447 314 2504 prudentes
356 2465 395 2498 »,
436 2464 532 2489 cum
581 2448 756 2489 eosdem
801 2448 995 2490 ostendit
1036 2466 1056 2487 «
1100 2449 1219 2504 pacis
1268 2447 1562 2504 neglectores,

117 2609 146 2640 1.
169 2609 310 2650 Morley,
330 2609 469 2650 English
497 2609 643 2646 Writers,
668 2611 727 2647 111,
751 2621 786 2650 p.
806 2610 878 2640 121.

117 2657 145 2686 2.
172 2656 295 2687 Omnia
319 2657 551 2693 desumemus,
578 2657 650 2687 sive
673 2668 712 2687 ex
733 2658 933 2697 aequalium
957 2657 1135 2697 operibus,
1162 2657 1233 2686 sive
1259 2667 1297 2685 cx
1319 2655 1447 2696 Mappii
1477 2654 1565 2685 libro

76 2705 123 2733 De
138 2702 246 2744 Nugt's
268 2703 467 2734 Cur-[alium.
491 2704 590 2735 Ultro
614 2708 728 2734 autem
747 2704 1066 2744 praetermittemus
1085 2715 1124 2734 ea
1142 2714 1229 2744 quae
1252 2702 1390 2732 inaurire
1412 2702 1564 2731 licuisset

78 2760 117 2780 ex
134 2750 298 2790 operibus
320 2761 466 2791 quorum
487 2762 553 2781 non
574 2755 709 2781 constat
735 2751 824 2781 hune
852 2762 926 2781 esse
953 2756 1142 2786 auctorem,
1166 2755 1202 2780 ut
1235 2761 1273 2779 ex
1301 2749 1458 2779 satiricis
1488 2760 1562 2778 cur-

81 2796 245 2828 minibus.
