1842 3288
248 291 306 322 178
739 293 790 318 DE
823 292 1046 318 WALTERIO
1081 291 1238 317 MAPI‘IO

245 397 297 423 ex
333 381 416 420 isto
450 378 668 421 artificiali
704 394 751 418 ac
786 377 882 418 sine
915 377 1062 418 colore
1104 376 1283 436 linguae
1316 377 1476 420 latinae
1510 380 1735 424 involucro

240 460 329 514 jam
373 472 457 497 una
498 463 837 513 prorumpentes
874 454 989 494 illam
1027 453 1267 510 jucundam
1303 454 1567 497 hilaritatem
1606 466 1735 515 atque

244 549 462 574 morosam
504 532 748 581 tristitiam,
791 547 901 588 quac
943 539 1069 571 notae
1117 530 1295 589 signant
1336 530 1442 573 duas
1489 532 1733 575 litterarum

242 618 357 650 artes
380 625 530 661 novas,
556 609 635 649 hac
662 617 801 648 aetate
833 616 1081 657 nascentes,
1109 615 1237 663 atque
1265 607 1372 649 mire
1400 611 1666 666 compositas
1688 611 1732 652 in

241 687 451 744 operibus
479 687 609 743 hujus
636 684 891 733 Wallensis,
917 683 1224 725 Universitatis
1250 684 1514 726 Parisiensis
1548 687 1729 737 alumni,

241 764 322 804 etsi
356 764 533 821 linguae
568 770 763 803 mortuae
793 761 1039 818 ponderosa
1068 769 1186 801 vcstc
1225 761 1367 802 adhuc
1404 773 1727 822 praegravatas.

299 841 472 881 Aestiva
502 839 688 896 quadam
714 854 867 879 serena
897 838 967 878 dic
998 837 1136 879 sessus
1153 838 1395 881 walterius
1422 840 1627 896 Mappius
1650 841 1730 882 sub

238 917 447 958 frondoso
482 916 677 975 tegmine
709 915 995 955 obdormivit.
1035 916 1081 955 In
1111 915 1372 956 somniando
1401 917 1516 957 visus
1553 925 1619 958 est
1646 917 1731 958 sibi

236 994 279 1034 in
310 994 444 1034 mirae
468 991 814 1049 pulchritudinis
843 992 985 1032 locum
1015 992 1254 1033 translatus
1281 1009 1288 1032 :
1321 992 1383 1033 ibi
1409 1008 1580 1045 nemus,
1605 995 1729 1051 cujus

233 1070 388 1111 viridia
425 1070 529 1111 folia
564 1085 787 1126 nunquam
829 1068 974 1109 hieme
1014 1068 1351 1119 desecabantur,
1389 1070 1431 1110 in
1467 1070 1728 1112 immensum

233 1147 481 1205 prolatabat
524 1146 664 1205 frigus
708 1161 893 1202 opacum
939 1160 946 1186 :
992 1145 1237 1203 fragrantes
1274 1146 1436 1203 ubique
1471 1147 1648 1199 odores,
1688 1157 1729 1189 et

233 1224 395 1282 ubique
420 1223 571 1265 canori
597 1231 837 1264 concentus
869 1239 876 1262 ε

421 1324 532 1357 Circa
555 1325 629 1356 ima
651 1323 943 1370 memorisaura
966 1323 1206 1362 susurrabat,

422 1381 539 1425 Cujus
563 1379 698 1414 crebro
720 1379 870 1412 flamiue
893 1391 1025 1412 nemus
1047 1379 1361 1418 ‹·onsonabat;....

421 1455 532 1487 Circa
553 1455 674 1499 partis
698 1454 840 1486 mediae
865 1454 1025 1486 medium
1050 1465 1254 1492 ramorum,

420 1511 539 1551 Quasi
559 1510 836 1544 multitudinem
857 1510 1001 1554 fingens
1031 1516 1294 1554 tympanorum

419 1567 655 1600 Personabat
677 1566 845 1598 mellium
868 1566 1044 1611 quiddam
1068 1573 1103 1598 ct
1126 1567 1316 1604 decorum,

416 1624 460 1656 Et
483 1630 649 1656 extremo
672 1622 836 1655 carmine
859 1621 1008 1654 dulcius
1031 1622 1200 1655 olorum¹

479 1698 573 1730 Nam
596 1708 787 1729 ramorum
810 1696 974 1729 modium
996 1703 1104 1730 vento
1127 1696 1330 1741 quatiente,

413 1754 458 1786 Et
480 1753 593 1798 pulsu
613 1753 789 1786 continuo
813 1764 938 1785 ramos
962 1752 1191 1797 impellente,

412 1811 568 1844 Mixtum
592 1810 791 1843 semitonio
815 1809 1100 1853 interveniente,

414 1868 529 1900 Sonat
551 1867 806 1904 diatessaron,
833 1872 939 1898 sonat
963 1866 1149 1910 diapente,

281 1954 392 1993 Dum
440 1953 516 1993 tali
565 1952 863 1992 modulamine
904 1951 1166 1999 delectatus,
1215 1952 1287 1994 W.
1330 1952 1535 2008 Mappius
1576 1952 1717 1993 locum

222 2038 420 2086 apertum
450 2030 643 2071 devenit.

408 2122 583 2155 Nemoris
606 2122 641 2154 in
663 2122 787 2155 medio
811 2133 967 2166 campus
993 2127 1095 2165 patet
1119 2120 1232 2162 latus,

408 2178 530 2211 Violis
553 2184 589 2211 et
611 2178 687 2211 alio
708 2178 801 2211 flore
824 2177 1094 2222 purpu1¹atus².

278 2268 373 2320 Quo
401 2268 444 2307 in
475 2267 619 2308 medio
649 2267 873 2325 fragrante
901 2275 1027 2323 prato
1058 2274 1142 2306 stat
1164 2266 1284 2323 regia
1313 2265 1458 2317 aedes,
1490 2268 1613 2322 cujus
1642 2282 1715 2307 co-

221 2343 396 2385 lumnae
426 2344 612 2403 graciles
634 2352 889 2400 tectumque
919 2359 1151 2400 procerum
1179 2359 1199 2383 e
1222 2342 1386 2383 fabrica
1407 2342 1594 2384 Vulcani
1621 2351 1715 2383 orta

219 2421 438 2462 videntur.
466 2422 514 2461 In
538 2421 739 2478 peristyli
762 2421 899 2461 muris
922 2420 1144 2461 coelorum
1165 2435 1347 2460 arcanae
1369 2419 1490 2477 leges
1509 2418 1715 2460 videntur

217 2514 312 2538 esse
351 2497 567 2554 depictae.
604 2499 725 2550 Quae
767 2514 871 2555 ergo
909 2506 975 2538 est
1008 2496 1081 2537 illa
1120 2496 1363 2553 elegantior
1403 2495 1588 2537 domus?
1617 2497 1713 2553 quis

216 2575 291 2615 ille
334 2575 670 2615 amoenissimus
706 2574 933 2615 recessus?
966 2574 1053 2615 Nec
1088 2573 1214 2614 sedes
1255 2581 1320 2614 est
1352 2573 1478 2614 beata
1512 2572 1709 2623 deorum,

216 2667 295 2692 nec
319 2651 444 2692 locus
472 2651 549 2692 ubi
570 2651 745 2692 functae
766 2651 853 2691 vita
880 2651 1048 2691 animae
1078 2659 1319 2699 morentur,
1349 2649 1425 2691 sed
1446 2649 1710 2706 tranquillus

253 2758 281 2787 1.
299 2758 338 2787 111
357 2757 506 2787 editione
520 2757 658 2797 Wright
672 2757 802 2798 legitur
820 2756 964 2796 αῖονιιηι,
980 2767 1044 2797 pro
1063 2767 1129 2797 quo
1144 2756 1315 2786 vocabulo
1333 2755 1471 2786 omnino
1495 2755 1565 2796 legi
1583 2755 1685 2786 debet
1700 2766 1707 2786 :

208 2805 351 2835 olorum.

251 2853 282 2882 2.
304 2852 446 2892 Wright
469 2852 534 2890 ed.‚
561 2863 596 2892 p.
622 2852 657 2881 21
680 2856 711 2882 ct
732 2852 781 2882 22.
