1842 3288
207 324 266 354 1134
702 325 752 350 DE
785 324 1008 351 WAL‘rEnlo
1044 322 1200 347 MAPPio

208 414 393 470 positam
428 411 560 451 fuisse
593 410 700 450 sama
731 419 837 458 erat,
869 418 911 449 ct
946 409 987 448 in
1017 407 1391 464 (·olopl11·otzilms¹,
1430 417 1475 449 ut
1504 409 1693 456 aiebant,

208 488 496 548 quorumdam
532 504 552 527 e
591 487 817 527 codicibus
860 502 986 526 manzu
1023 484 1201 541 scriptis
1242 484 1493 526 duodecimi
1536 485 1697 526 saeculi

210 567 399 607 nominis
432 565 548 606 illius
579 564 742 605 mentio
776 564 836 604 fit.
869 562 1140 604 Traditionis
1176 570 1268 601 erat
1298 562 1518 618 interpres
1552 563 1697 603 Ilclias

209 644 262 684 dc
304 645 517 691 Borrone,
561 658 656 682 cum
695 641 933 687 scribebat,
976 640 1018 679 in
1053 638 1236 695 prologo
1275 639 1483 680 (mironis
1519 640 1693 680 urbani.

212 740 230 759 «
260 722 414 762 Postea
438 735 614 776 operam
638 718 760 759 dedit
781 717 992 774 Magister
1018 716 1256 758 Walicrius
1276 716 1496 772 Mappius,
1522 717 1596 772 qui
1620 717 1697 757 snit

210 797 327 856 regis
357 796 536 837 llcnrici
573 795 758 835 clericus
790 803 833 835 et
863 794 1079 834 enarravit
1115 792 1343 833 historiam
1380 793 1557 833 Domini
1586 794 1698 833 Lan-

210 874 358 915 celloti
380 873 432 914 de
456 874 585 921 Lacu,
617 871 670 911 dc
700 887 801 927 quo,
834 878 1007 926 praeter
1037 869 1133 916 alia,
1168 869 1351 910 multum
1382 869 1425 909 in
1455 886 1532 910 suo
1563 869 1694 910 libro.

211 950 381 992 Deinde
414 965 592 1006 operam
622 947 745 988 dedit
778 947 992 987 Dominus
1026 946 1247 987 Robertus
1276 946 1328 986 de
1361 947 1573 987 Borrone.
1606 947 1699 1004 Ego

211 1027 357 1068 Helias
390 1026 442 1066 de
475 1027 691 1074 Borrone,
724 1023 841 1064 illius
874 1032 1029 1080 rogatu
1069 1032 1111 1063 et
1140 1023 1239 1080 quia
1273 1022 1345 1063 diu
1377 1023 1700 1064 commilitones

212 1091 386 1154 suimus,
418 1102 519 1143 inde
544 1101 715 1142 initium
740 1101 835 1157 cepi
861 1100 964 1140 libri
988 1100 1072 1140 mei
1103 1100 1161 1140 Dc
1188 1100 1335 1140 Brelo.
1366 1119 1385 1139 υ

272 1181 357 1233 Qui
380 1187 651 1237 negaverunt
673 1179 716 1218 in
740 1176 1042 1234 componenda
1071 1177 1351 1234 laquis-[lione
1372 1177 1423 1217 cle
1445 1178 1502 1216 δι”
1533 1176 1701 1218 Graczlo

212 1267 255 1311 et
278 1258 458 1298 forsitan
484 1256 578 1312 ipso
601 1255 764 1312 AHagno
782 1256 837 1295 8¹⁰
853 1254 1022 1294 Graalo
1039 1254 1264 1310 Mappium
1288 1263 1456 1310 partem
1475 1254 1699 1303 habuisse,

213 1336 254 1376 in
300 1335 448 1375 lleliae
493 1332 795 1373 testimonium
843 1331 1124 1372 vehementer
1172 1331 1423 1389 insurgunt.
1475 1331 1703 1372 Conantur

213 1413 328 1453 enim
368 1410 603 1451 ostendere
637 1409 747 1450 illud
786 1409 856 1449 vix
889 1408 1019 1449 ullius
1067 1424 1161 1449 esse.
1204 1407 1435 1457 momenti,
1479 1423 1576 1448 cum
1617 1423 1703 1448 non

213 1488 345 1530 fuerit
380 1504 401 1528 e
436 1487 603 1544 Mappii
637 1486 916 1543 aequalibus3
948 1493 1162 1526 conantur
1196 1485 1325 1525 etiam
1361 1484 1528 1541 aliquid
1559 1484 1704 1526 detra-

213 1567 316 1607 here
340 1564 393 1605 de
416 1564 702 1620 colophonam
733 1562 1073 1620 significatione,
1104 1571 1352 1602 asserentes
1382 1561 1482 1602 illos
1504 1561 1705 1619 interpo-

214 1643 325 1684 latos
354 1641 502 1683 fuisse.
534 1640 704 1681 Deinde
728 1639 970 1680 affirmatur
999 1640 1105 1680 haec
1130 1655 1280 1695 opera,
1301 1639 1485 1695 jubente
1514 1639 1705 1680 Henrico

216 1719 426 1770 secundo,
458 1718 579 1759 nullo
612 1717 740 1758 modo
776 1717 910 1757 scribi
941 1717 1153 1773 potuisse,
1185 1732 1281 1756 cum
1311 1732 1388 1757 rex
1419 1732 1534 1757 anno
1566 1716 1707 1757 mille-

216 1798 325 1838 simo
361 1795 603 1837 centesimo
643 1794 915 1854 octogesimo
956 1809 1073 1834 nono
1115 1792 1378 1844 decesserit3
1421 1793 1531 1834 ordo
1565 1803 1708 1835 autem

216 1884 482 1930 temporum,
508 1881 595 1913 tam
621 1880 822 1912 accurate
846 1871 1112 1912 constitutus
1135 1887 1156 1911 a
1186 1871 1375 1911 Domino
1403 1872 1509 1912 Ἠυῒῐ
1531 1871 1709 1912 omnino

215 1955 486 2002 turbaretur,
525 1953 560 1992 si
601 1952 731 1992 aetati
773 1950 881 1992 adeo
916 1951 1120 2007 antiquae
1155 1950 1371 2007 praedicti
1404 1950 1508 1992 libri
1545 1951 1711 1991 adscri-

218 2032 472 2072 berentur?
519 2031 678 2070 Parum
721 2044 799 2069 nos
841 2036 1152 2077 commoveret,
1190 2036 1236 2068 ut
1262 2027 1452 2079 videtur,
1496 2043 1543 2069 ea
1580 2044 1710 2087 argu-

219 2108 430 2148 mentatio
459 2105 723 2163 quibusdam
753 2105 797 2145 in
820 2105 927 2146 locis
957 2104 1062 2145 satis
1084 2104 1411 2145 inconsiderate
1435 2103 1663 2162 proposita
1679 2106 1708 2152 ³,

219 2186 256 2226 si
302 2201 391 2225 non
431 2183 661 2225 accederet
704 2182 937 2223 metuenda
978 2183 1030 2222 D.
1075 2182 1239 2222 Gaston
1288 2181 1409 2223 Paris
1455 2182 1706 2232 auctoritas,

219 2262 297 2303 sed
339 2277 416 2318 pro
451 2269 570 2301 certo
598 2260 811 2300 habemus
845 2258 1014 2316 Mappii
1041 2274 1173 2315 opere
1215 2258 1311 2315 ipso
1343 2277 1362 2297 «
1395 2274 1548 2315 parum
1581 2258 1709 2300 claris

267 2416 291 2445 l.
308 2414 486 2444 Britannic
505 2414 696 2451 Musaeum,
716 2415 763 2442 n⁰S
782 2413 862 2442 6963
884 2416 915 2442 et
937 2412 1030 2442 6782.

262 2463 291 2492 ⁴2.
315 2463 412 2499 Nun,
432 2472 488 2500 op.
507 2461 581 2499 cit„
599 2471 634 2500 p.
656 2460 725 2490 ¹126.

263 2511 292 2540 3.
319 2508 420 2546 lbz'd.,
448 2519 482 2548 p.
509 2509 579 2538 117.
610 2508 699 2537 Haec
726 2512 806 2537 sunt
836 2507 989 2537 auctoris
1022 2506 1128 2536 verba
1155 2516 1160 2535 :
1195 2520 1206 2531 ιι
1237 2505 1355 2536 Helias
1387 2506 1532 2536 Henrico
1565 2507 1713 2537 seeundo

221 2560 389 2597 regnante
410 2566 475 2585 non
498 2554 593 2591 vixit,
614 2555 654 2584 de
678 2554 817 2594 Mappio
839 2554 929 2584 enim
953 2555 1108 2594 loquens,
1134 2553 1362 2593 praeteritum
1386 2558 1524 2594 tempus
1554 2554 1714 2593 adhihet;

220 2615 263 2633 ex
286 2604 355 2633 alia
373 2607 484 2643 parte⁷
507 2603 541 2632 in
570 2601 709 2642 epilogo
730 2602 846 2641 operis
865 2601 947 2631 dicti
974 2604 1023 2630 Du
1049 2603 1128 2630 Bret
1147 2600 1272 2630 alludit
1292 2600 1336 2630 ad
1363 2600 1509 2631 latinum
1530 2601 1714 2641 imperium

225 2650 523 2690 Constantinopoli
542 2649 731 2679 conditum.
748 2650 857 2688 (Anno
880 2649 986 2688 1204.)
1008 2648 1258 2678 Testimonium
1279 2648 1398 2678 Heliae
1419 2648 1459 2677 de
1480 2648 1633 2679 Borrone
1650 2659 1716 2679 non

223 2703 276 2728 est
298 2698 406 2738 igitur
427 2697 565 2727 omnino
587 2695 689 2727 unius
708 2707 747 2725 ex
762 2696 980 2736 aequalibus.
1001 2695 1134 2734 Cetera,
1153 2695 1325 2735 quomodo
1340 2695 1392 2725 illi
1413 2696 1624 2735 crederetur,
1639 2707 1717 2728 cuin

222 2746 408 2775 contendat
446 2756 480 2775 se
515 2744 621 2774 fuisse
659 2744 816 2773 sodalem
848 2743 987 2774 Roberti
1024 2743 1065 2772 de
1098 2743 1263 2782 ssorrone‚
1291 2742 1461 2773 Robertns
1491 2748 1607 2773 autem
1640 2748 1717 2772 ante

224 2792 462 2822 Christianum
487 2790 670 2831 scripserit
691 2795 723 2820 et
741 2794 832 2820 esset
854 2790 998 2830 triginta
1018 2790 1112 2819 haud
1134 2789 1248 2819 minus
1271 2789 1369 2819 annis
1391 2789 1503 2830 major
1527 2790 1638 2828 Helia⁷
1659 2790 1716 2830 qui

225 2839 259 2869 in
284 2838 429 2869 Guirone
452 2839 543 2868 circu
570 2848 698 2868 annum
724 2837 949 2868 millesimum
975 2836 1250 2867 ducentesimum
1279 2836 1488 2876 vigesimum
1510 2837 1652 2877 scripto,
1682 2847 1717 2866 se

222 2887 385 2927 juvenem
413 2897 487 2916 esse
511 2886 705 2926 profitetur.
729 2900 740 2910 »ι
765 2885 940 2925 (Mappius
960 2884 1108 2914 decessit
1129 2895 1217 2914 anno
1239 2884 1343 2923 1210.)
