1873 3329
724 280 957 305 minimuum
1565 281 1584 309 9

106 363 383 406 meridionali
429 364 650 412 Catliari¹,
696 364 783 404 sive
824 364 1104 421 Albigenscs,
1149 367 1234 421 jam
1285 384 1411 423 supra
1463 379 1582 409 nota-

104 441 260 489 vimus,
305 456 384 481 nec
423 440 588 481 diutius
627 441 668 480 in
705 441 783 480 hac
820 442 996 481 materia
1031 442 1382 489 immoral›ininr;
1421 462 1581 485 memo-

103 532 248 558 remus
271 517 411 557 solum
440 517 660 558 Aureliam
692 525 735 557 et
762 517 1000 573 Aginnum,
1031 518 1162 558 fuisse
1195 520 1309 560 cirea
1341 526 1392 560 Μ’
1423 522 1580 562 sam-uli

102 592 231 634 finem
259 594 399 651 prima
425 593 544 634 illius
573 601 716 634 sectae
741 593 1020 634 incunabula.
1049 595 1095 634 In
1121 595 1261 636 Callia
1286 599 1581 653 qn‹›‹11w,inio

103 670 281 712 Parisiis
304 679 396 711 orta
426 679 507 717 est,
533 678 711 710 anctore
740 670 959 711 Almariro
988 670 1040 710 de
1065 672 1199 717 Bono,
1228 673 1268 712 in
1288 673 1580 714 Issnivorsitatv

103 746 331 806 magistro,
362 746 701 787 Almariciorum
724 746 919 786 haeresis
943 747 1250 803 pantheistiea.
1278 750 1575 790 Christianum

102 838 322 880 quemque
353 838 447 868 esse
477 823 642 863 Christi
667 823 929 870 membrum,
969 833 1238 864 sacramenta
1275 842 1367 865 osse
1402 842 1579 882 prorsus

103 899 290 947 inutilia,
316 898 707 941 sanctificationem
744 900 870 940 unice
911 901 1152 941 consistere
1190 902 1229 941 in
1268 902 1419 942 intimo
1456 919 1578 958 prac-

101 975 268 1018 sentiae
290 976 462 1017 divinae
486 991 639 1029 sensu;
664 976 765 1017 talia
790 985 914 1017 erant
942 978 1175 1034 praecipua
1205 978 1322 1018 illius=
1355 979 1579 1019 doctrina(-

99 1052 258 1110 capita,
292 1068 419 1110 quae,
457 1053 537 1094 etsi
580 1053 622 1093 in
665 1053 904 1093 Parisiensi
943 1053 1089 1109 (1209)
1128 1055 1333 1110 primum,
1379 1056 1418 1095 in
1460 1056 1581 1094 Late-

98 1130 276 1171 ranensi
307 1129 449 1186 (1215)
493 1131 650 1171 iterum
688 1130 906 1178 Concilio,
950 1130 1151 1171 damnata
1194 1140 1357 1175 essent,
1394 1131 1579 1171 Almari-

97 1222 260 1264 cusque
296 1222 318 1248 e
356 1207 441 1248 vita
471 1207 693 1255 cessisset,
733 1215 774 1247 et
808 1222 894 1247 non
928 1207 1054 1263 pauci
1090 1207 1407 1264 discipulorum
1443 1208 1580 1263 ipsius

98 1283 242 1341 capite
267 1300 433 1340 poenas
465 1283 707 1331 dedissent,
753 1285 793 1324 in
835 1284 1035 1326 Sucviam
1076 1293 1117 1325 et
1160 1284 1398 1325 llelvetiam
1446 1300 1581 1341 usque

100 1369 396 1417 pervenerunt
449 1380 466 1398 «
523 1361 727 1401 Fratrum
779 1376 826 1401 ac
885 1376 1083 1402 sororum
1144 1360 1324 1416 spiritus
1374 1361 1498 1401 liberi
1562 1379 1579 1398 »

100 1437 283 1495 vestigia
306 1438 528 1494 prosecuti
557 1446 658 1478 sunt
687 1438 882 1488 Cathari,
908 1438 981 1494 qni
1011 1438 1095 1494 ipsi
1118 1453 1292 1494 quoque
1320 1437 1581 1496 Albigenses

102 1513 320 1555 Ecclesias
360 1514 552 1555 Treviris
599 1523 640 1555 et
690 1514 897 1555 Coloniae
943 1514 1244 1554 instituerunt.
1284 1513 1578 1566 Quorumdam

101 1591 215 1632 inter
253 1590 442 1632 asseclas
474 1592 703 1648 utriusque
750 1600 892 1633 sectae
934 1591 1192 1648 depravatos
1234 1607 1375 1631 mores
1407 1591 1581 1630 obstare

100 1667 252 1719 fateor,
278 1669 512 1725 quominus
535 1684 674 1725 aequo
696 1668 865 1724 judicio
890 1668 1126 1709 historicus
1151 1669 1192 1708 in
1217 1667 1302 1708 illis
1326 1667 1581 1707 haeresibus

97 1744 291 1801 priorem
347 1744 563 1786 sinceram
613 1754 824 1802 agnoscat
871 1745 1256 1795 reformationem;
1307 1745 1341 1785 si
1396 1759 1496 1784 vero
1538 1743 1579 1783 in

98 1821 453 1862 consideratione
495 1831 711 1863 sectarum
747 1822 1122 1864 Montanistarum
1164 1822 1318 1863 morati
1352 1820 1578 1869 fuerimus,

98 1897 225 1939 aliter
246 1898 542 1940 sentiendum.
571 1900 617 1940 In
641 1899 784 1940 Gallia
813 1899 910 1950 fuit,
941 1899 1080 1940 multo
1109 1908 1210 1940 ante
1232 1897 1578 1940 saeculumxviun'

100 1974 278 2032 aliquod
309 1975 637 2017 reformationis
670 1976 986 2018 rudimentum.
1027 1976 1184 2016 Petrus
1218 1974 1270 2015 de
1311 1976 1466 2030 BruJS,
1507 1974 1579 2029 qui

99 2067 214 2095 anno
238 2051 349 2092 1214
379 2052 481 2112 igne
517 2062 807 2110 consumptus
840 2053 965 2100 obiit,
1018 2061 1059 2093 et
1090 2062 1189 2109 post
1228 2067 1324 2092 eum
1368 2051 1580 2091 Ilenrieus

101 2128 155 2170 de
198 2129 442 2179 Lausanne,
491 2138 691 2171 auctores
737 2130 916 2171 fuerunt
954 2129 1374 2170 Petrobusianorum
1423 2135 1580 2177 sectae,

102 2221 212 2262 quae
242 2206 286 2246 in
322 2205 465 2247 Gallia
500 2207 781 2248 meridionali
816 2216 924 2256 orta,
963 2223 1041 2264 per
1080 2207 1455 2247 Cenomanensem
1495 2203 1582 2243 dio-

102 2282 236 2323 cesim
282 2292 538 2341 propagata,
589 2284 629 2324 in
679 2284 917 2325 Helvetiam
967 2282 1319 2339 Sabaudiamque
1366 2280 1579 2337 pervenit.

103 2359 257 2400 Petrus
280 2359 345 2400 'de
384 2360 547 2417 Bruys,
593 2361 856 2402 coelibatum
899 2359 1238 2407 sacerdotalem,
1281 2374 1361 2414 pro
1400 2356 1581 2397 mortuis

102 2451 271 2492 preces,
323 2437 564 2496 imaginum
603 2437 786 2489 cultum,
820 2438 1010 2495 fideique
1052 2437 1208 2494 dogma
1241 2435 1293 2475 d‹·
1337 2433 1579 2490 praesentia

101 2512 210 2553 reali
231 2512 525 2570 repudiando,
576 2514 637 2555 sic
679 2514 909 2571 religionis
952 2513 1210 2554 reformatae
1250 2508 1582 2568 quadringentis

97 2597 201 2630 ante
236 2590 362 2631 annis
397 2591 636 2648 praecipua
671 2591 934 2632 instituebat
965 2590 1261 2631 fundamenta.
1299 2585 1578 2628 Valdensinm

101 2674 242 2706 autem
275 2675 408 2717 secta,
442 2668 495 2708 ab
525 2668 748 2709 Ecclesiae
777 2668 975 2708 doctrina
1008 2667 1148 2707 minus
1178 2672 1325 2721 aperte
1348 2661 1582 2709 dissidens,

146 2830 175 2861 1.
194 2830 220 2861 Ε
243 2841 367 2872 graeco
387 2832 558 2871 vocabulo
581 2834 733 2876 καθάροι,
755 2833 827 2863 sine
849 2834 996 2863 macula.

102 3312 166 3329 ιη’
