1873 3329
495 345 545 370 DE
579 345 788 369 WALTfinn
825 345 965 370 MAvvll
1003 346 1097 371 Vl‘l'A
1503 344 1539 372 '13

54 429 182 469 sitate
212 430 467 478 l'arisiensi,
493 430 562 470 cui
593 429 726 470 decus
755 438 871 469 certe
902 431 1110 470 Canonici
1143 441 1179 471 vi
1215 432 1395 472 Romani
1426 433 1539 472 juris

55 505 352 563 professores·
380 506 634 564 aliquandiu
658 505 939 550 addiderunt,
974 507 1216 547 immun-tah-
1254 524 1350 548 vers·
1382 524 1536 548 nomeu

54 592 322 639 pepererunt
356 583 540 624 audaces
581 591 623 623 et
660 582 834 623 subtilis
870 583 1077 623 scientiae
1113 584 1343 640 'l'lieologi.
1385 585 1540 626 walto-

57 659 146 699 rius
180 660 383 716 Mappius
417 676 514 700 cum
548 659 816 716 legisperitis
856 660 1036 703 nostris.
1076 660 1294 700 Abelardo
1323 663 1540 718 etiamque

55 735 258 778 Wiclcfio
287 737 594 793 cognationem
618 735 823 776 habebat.
848 736 949 775 Jure
973 735 1092 775 dicas
1116 752 1211 776 euin
1238 737 1538 794 legisperitum

54 828 151 853 esse
184 813 325 853 virum
356 813 430 870 qui
458 828 503 852 se
535 812 579 852 in
615 820 892 869 properatum
936 813 1278 853 Renovationein
1317 822 1355 853 et
1391 815 1540 853 inuna-

55 897 198 930 turam
222 889 593 930 Reformationem
618 889 905 945 praecipitem
928 888 1064 929 dedit.

115 967 271 1022 Utjam
294 965 499 1014 diximus,
528 981 725 1005 reversus
742 973 807 1005 est
829 966 1033 1021 Mappius
1059 966 1100 1005 in
1124 965 1326 1023 Angliam
1351 967 1403 1006 al)
1428 982 1540 1007 anno

60 1041 170 1083 1160
215 1042 268 1082 ad
312 1057 475 1082 annum
519 1041 644 1083 1162.
692 1042 831 1094 Quam
883 1042 1102 1082 fortunam
1150 1042 1217 1082 his
1265 1043 1540 1099 temporibus

55 1126 261 1175 expertus
283 1117 430 1168 suerit,
457 1118 662 1159 statimne
685 1117 807 1158 illum
831 1118 924 1158 Rex
946 1117 1172 1158 admiserit
1193 1118 1306 1158 inter
1330 1135 1430 1159 suos
1455 1135 1540 1159 non

54 1195 162 1236 satis
184 1203 372 1236 constat.
404 1196 471 1236 Ab
495 1211 609 1236 anno
640 1195 874 1236 millesimo
904 1196 1145 1236 centesimo
1177 1196 1542 1252 quinquagesimo

55 1280 206 1312 octavo
247 1271 300 1312 ad
335 1271 616 1313 millesimum
653 1273 942 1313 centesimum
985 1272 1304 1329 sexagesimum
1346 1273 1539 1315 tertium.

56 1348 272 1389 Hem-icus
304 1363 390 1389 non
422 1349 542 1390 veuit
575 1350 619 1390 in
654 1349 874 1407 Angliam,
916 1348 993 1390 sed
1033 1348 1149 1406 apud
1191 1348 1340 1389 Gallos
1377 1350 1418 1389 in
1455 1350 1542 1389 suis

56 1425 297 1482 provinciis
335 1426 517 1477 mansit,
563 1426 828 1467 cancellario
869 1427 1062 1467 Thomae
1110 1426 1293 1474 Becket‚
1332 1426 1400 1466 eui
1440 1434 1543 1466 tunc

56 1501 294 1558 plurimum
334 1502 600 1553 confidebat,
644 1503 879 1543 commissa
927 1503 1053 1560 regni
1099 1502 1250 1542 tutela.
1287 1503 1416 1542 Anno
1450 1511 1543 1542 tan-

56 1586 149 1619 tum
187 1577 314 1628 1162,
347 1578 493 1636 regius
523 1578 597 1619 ille
626 1579 846 1630 Minister,
885 1579 1121 1637 splendore
1152 1578 1340 1635 fulgens,
1381 1578 1422 1618 in
1459 1593 1543 1634 quo

57 1653 287 1696 doctrinae
309 1654 492 1696 litterati
516 1656 601 1696 viri
622 1682 679 1686 —
705 1664 798 1697 erat
825 1657 941 1697 enim
970 1656 1181 1697 Johannis
1207 1655 1543 1697 Saresburensis

56 1731 238 1781 amicus,
270 1740 314 1772 et
341 1731 542 1773 alumnus
574 1733 757 1774 Roberti
791 1733 844 1773 de
880 1732 1136 1780 Meloduno,
1167 1731 1376 1773 Abelardi
1411 1731 1543 1772 elisei-

56 1807 149 1865 puli
182 1833 240 1838 —
273 1808 429 1849 bellica
464 1810 600 1850 virtus
643 1809 804 1866 equitis
840 1825 928 1850 non
964 1809 1172 1850 indecore
1207 1808 1457 1857 accedebat,
1489 1834 1545 1838 —

56 1885 219 1925 etenim
243 1885 286 1925 in
314 1885 583 1926 Normannia
611 1895 767 1927 contra
797 1885 948 1927 Gallos
978 1902 1065 1927 non
1090 1885 1224 1926 semel
1247 1886 1515 1942 equitaverat
1533 1886 1545 1905 ²

55 1961 323 2003 ——Henrico
351 1971 578 2019 precante,
619 1979 731 2019 pene
765 1971 910 2003 tamen
946 1963 1125 2012 invitus,
1163 1970 1444 2003 consecratus
1481 1971 1546 2002 est

58 2038 418 2096 archiepiscopus
472 2040 819 2081 Cantuariensis.
869 2040 1100 2080 Amicitiae
1146 2039 1339 2089 vincula,
1387 2038 1545 2094 quibus

59 2114 249 2174 insignis
278 2114 392 2156 filius
422 2116 665 2157 Normanni
688 2116 946 2157 mercatoris
975 2116 1285 2173 Andegavensi
1314 2116 1406 2173 regi
1441 2130 1546 2154 con-

55 2192 234 2248 junctus
257 2200 365 2242 erat,
392 2194 573 2249 jamjam
604 2193 861 2250 frangenda.

120 2269 208 2310 Cur
230 2268 470 2309 verisimile
501 2284 587 2310 non
613 2269 814 2310 videatur
842 2269 1104 2312 walterium
1129 2270 1372 2326 Mappium,
1402 2267 1546 2308 saven-

59 2345 178 2387 tibus
202 2345 424 2403 magistris
448 2362 557 2403 quos
585 2347 766 2387 Parisiis
789 2346 1002 2394 audierat,
1035 2355 1077 2386 et
1104 2347 1218 2386 inter
1249 2362 1321 2386 eos
1351 2345 1545 2386 Roberto

59 2421 387 2473 Melodunensi,
442 2439 463 2463 a
516 2423 681 2463 Thoma
740 2424 920 2473 Becket‚
976 2422 1118 2463 adhuc
1164 2422 1444 2471 cancellario,
1502 2421 1544 2461 in

61 2513 244 2539 numero
268 2499 416 2556 regiae
441 2500 598 2541 Curiae
622 2500 883 2541 clericorum
913 2499 1183 2555 adscriptum
1205 2498 1365 2539 l'uisse')
1394 2499 1439 2539 Si
1468 2514 1546 2553 pro

59 2590 161 2616 vero
196 2574 307 2616 illud
341 2576 569 2626 habeatur,
613 2577 818 2634 Mappius
861 2577 1055 2617 Thomae
1094 2576 1252 2633 gratia,
1290 2575 1364 2631 qui
1404 2574 1546 2613 omnia

59 2660 246 2708 poterat,
275 2651 319 2692 in
348 2652 525 2693 Curiam
557 2653 784 2712 ingressus
810 2661 890 2702 est,
917 2661 960 2693 at
988 2653 1121 2693 semel
1151 2651 1429 2692 introductus
1460 2666 1544 2690 non

102 2797 132 2828 1.
155 2798 233 2828 Jam
253 2797 404 2828 diximus
425 2799 526 2829 Univ.
544 2799 774 2830 parisiensem
790 2799 950 2840 juridicis
968 2799 1092 2828 studiis
1109 2809 1172 2828 non
1196 2798 1388 2838 impensam
1407 2807 1546 2837 operam

61 2844 211 2876 dedisse.

106 2892 137 2922 2.
160 2893 247 2923 Hc'st.
267 2896 398 2935 gener„
423 2893 464 2929 ll,
484 2904 517 2933 p.
537 2893 609 2923 615.
