1842 3288
274 333 330 362 100
765 337 815 362 DE
850 337 1072 363 WAL'rssnio
1108 337 1263 362 MAPPlo

271 442 291 462 «
316 422 528 469 XValtere,
561 422 660 462 veni
692 421 806 462 soras
837 440 875 462 ›>.
907 422 1147 465 XYalterins
1177 430 1318 462 autem
1354 421 1565 478 quianon
1595 420 1759 462 audivit

268 515 415 539 rocem
439 499 578 545 Jesus,
605 514 692 538 11011
716 498 870 539 habuit
898 515 1024 540 aures
1047 499 1212 546 Lazari,
1239 507 1281 539 et
1303 513 1388 538 non
1411 499 1529 538 venit
1552 499 1577 538 ¹.
1606 515 1625 536 »

328 577 491 616 Iterum
523 574 609 615 dici
633 575 686 615 de
708 575 923 618 XYalterio
949 576 1234 616 novissimum
1258 574 1368 615 illud
1390 574 1570 615 verbum
1593 583 1754 632 potest,

269 652 385 709 qnod
427 652 620 708 pertinet
656 651 709 692 ad
750 668 797 692 ea
839 668 949 709 quae
987 653 1038 693 de
1082 652 1275 693 Ecclesia
1319 652 1466 692 sentit.
1507 652 1595 692 Nec
1642 652 1756 692 enini

270 745 489 770 secessum
513 745 599 785 quo
627 728 828 785 confugit
862 730 1113 786 relinquere
1137 745 1215 769 nec
1246 728 1467 769 Ecclesiae
1501 726 1756 768 audaciores

268 822 476 847 excursus
524 806 647 862 sequi
691 806 809 854 vult;
852 807 978 847 timet
1018 822 1070 847 ne
1112 806 1218 863 quid
1257 805 1443 862 periculi
1480 803 1609 852 adsit,
1653 804 1754 845 dum

268 884 410 924 firmet
442 883 639 923 Ecclesia
667 884 810 939 Papae
845 891 1125 940 potestatem,
1157 892 1199 923 et
1235 881 1488 923 monasticis
1523 881 1756 922 ordinibus

267 960 477 1001 libentius
510 960 662 1000 faveat.
703 960 790 1000 Nec
824 967 970 1000 tamen
1000 960 1100 1000 mali
1135 960 1375 1001 remedium
1411 959 1636 1016 proponit,
1676 974 1756 999 nec

267 1053 411 1078 rerum
441 1053 648 1077 novarum
685 1045 835 1077 auctor
871 1036 961 1077 ullo
1000 1036 1129 1077 modo
1164 1046 1243 1077 est.
1277 1036 1392 1078 Satis
1425 1036 1580 1077 fecisse
1615 1035 1756 1077 credit

267 1115 301 1155 si
343 1114 681 1171 reprehenderit
730 1131 738 1154 ;
776 1123 946 1155 mutent
978 1130 1046 1155 res
1093 1115 1136 1154 in
1179 1114 1333 1154 melius
1368 1113 1457 1154 alii.
1502 1113 1754 1154 Catholicus

265 1192 505 1235 walterius
528 1200 594 1232 est
616 1191 690 1248 qui
712 1191 906 1248 pericula
924 1191 1066 1232 sutura
1089 1207 1183 1232 esse
1209 1191 1478 1247 praesentiat
1493 1206 1754 1247 erroresque

266 1270 525 1326 exprobret3
557 1268 735 1309 minime
767 1269 1030 1310 reformator
1051 1277 1117 1309 est
1142 1284 1221 1309 nec
1246 1267 1467 1325 quomodo
1490 1268 1662 1324 possint
1685 1283 1754 1309 res

265 1346 489 1387 emendari
512 1354 649 1386 curat.
674 1347 799 1394 Nam,
825 1345 909 1386 etsi
931 1345 1134 1402 aequales
1158 1361 1257 1385 51105
1279 1353 1472 1400 superat,
1497 1360 1585 1385 non
1607 1353 1753 1386 tamen

265 1440 286 1464 e
315 1433 514 1480 tempore
547 1439 624 1464 suo
668 1422 824 1474 evolat,
850 1438 929 1463 nec
953 1424 1052 1479 jure
1082 1438 1177 1463 eum
1205 1438 1300 1462 cum
1337 1421 1404 1462 his
1439 1421 1638 1463 conferas
1679 1422 1754 1478 qui

264 1501 409 1541 sutura
433 1509 632 1557 tempora
655 1500 802 1540 statim
831 1500 1055 1558 attingunt
1083 1499 1372 1556 nationesque
1396 1514 1446 1539 00
1474 1498 1641 1540 ducunt
1666 1514 1752 1555 quo

262 1594 333 1618 eas
369 1593 555 1636 pergere
585 1577 670 1618 fata
700 1593 775 1617 sua
807 1577 1064 1633 poscebant.
1092 1577 1183 1617 Jam
1219 1576 1607 1616 animadvertimus
1635 1592 1748 1623 eum,

263 1656 376 1695 sicut
415 1654 635 1711 aequales,
691 1653 952 1694 clericorum
1006 1653 1294 1694 saecularium
1346 1652 1573 1694 commoda
1622 1662 1752 1710 atque

262 1732 561 1772 immunitates
612 1731 898 1772 vehementer
943 1730 1222 1779 defendisse3
1269 1746 1355 1771 11011
1399 1731 1452 1771 ab
1493 1730 1750 1787 aequalibus

262 1808 469 1850 dissentit
497 1824 593 1849 cum
629 1808 871 1848 admiratur
906 1808 1126 1865 quomodo
1159 1807 1352 1848 instituti
1382 1807 1471 1848 sint
1498 1807 1751 1865 regulares²

261 1886 432 1936 clerici3
470 1895 512 1926 at
547 1885 731 1926 maxime
765 1894 999 1926 veneratur
1041 1885 1305 1926 Chartrosae
1335 1893 1378 1926 et
1403 1884 1751 1944 Magnimonlis3

261 1962 455 2011 ordines,
480 1977 665 2018 quorum
689 1962 772 2002 soli
800 1962 1005 2002 monaehi
1027 1978 1127 2003 vere
1155 1962 1376 2020 gaudeant
1409 1961 1747 2019 privationibus,

262 2039 517 2088 solitudine,
541 2039 764 2089 castitate3
790 2047 923 2096 utque
952 2039 982 2079 ii
1004 2038 1183 2088 faciunt,
1216 2039 1277 2079 sic
1300 2047 1342 2079 et
1364 2039 1458 2095 ipse
1481 2038 1609 2079 fidem
1628 2055 1748 2079 suam

261 2115 512 2166 emendare,
557 2115 722 2172 scripta
757 2115 1046 2175 perlegendo,
1086 2115 1273 2156 laborat.
1321 2116 1465 2168 Quare
1500 2115 1749 2173 Evangeliis

261 2209 307 2234 ae
339 2193 487 2235 Sacris
515 2193 694 2234 Litteris
722 2201 810 2233 tam
846 2193 1037 2233 imbutus
1067 2201 1149 2243 est,
1180 2201 1268 2233 tam
1293 2191 1450 2233 callide
1479 2207 1531 2232 ex
1551 2192 1620 2233 his
1646 2192 1749 2233 doc-

259 2271 398 2310 trinas
445 2278 575 2326 atque
614 2278 872 2327 argumenta
912 2269 1121 2317 detrahit,
1165 2277 1212 2309 ut
1252 2285 1380 2326 saepe
1420 2268 1621 2310 videatur
1661 2285 1748 2310 non

259 2355 458 2403 tempore
500 2363 577 2387 suo
614 2347 790 2396 vixisse,
837 2346 913 2387 sed
947 2346 1151 2403 aequales
1186 2362 1287 2386 suos
1323 2355 1409 2386 tam
1441 2361 1674 2403 superasse
1704 2355 1750 2387 ut

260 2432 505 2464 exstaretur
558 2423 752 2467 Wiclefii
794 2423 1020 2481 magister.
1070 2424 1178 2464 Nam
1226 2423 1399 2473 confer,
1449 2431 1496 2464 nt
1548 2423 1747 2480 exemplo

259 2501 411 2550 utaris,
443 2500 587 2541 locum
620 2501 737 2540 hunc
779 2516 864 2557 quo
904 2500 1069 2542 Christi
1104 2500 1249 2540 verbis
1290 2500 1477 2557 opponit
1505 2500 1748 2544 VValterius

259 2577 586 2625 mendicorum,
655 2577 742 2618 sive
808 2576 1119 2634 praedatorum
1185 2576 1390 2618 ordinum
1446 2585 1680 2634 praecepta
1736 2593 1744 2617 :

261 2672 280 2692 «
312 2655 469 2695 Noster
499 2655 616 2695 Deus
646 2653 753 2695 dicit
778 2670 785 2693 :
814 2671 834 2693 «
873 2654 958 2706 Qui
993 2669 1079 2695 non
1124 2653 1355 2710 reliquerit
1388 2653 1535 2695 onmia
1565 2662 1748 2711 propter

299 2795 327 2824 1.
350 2797 395 2824 De
419 2795 536 2837 Nugis,
555 2806 589 2835 p.
611 2796 662 2826 43.

298 2842 328 2872 2.
353 2842 454 2881 Ihm„
473 2853 506 2882 p.
531 2845 581 2873 58.

297 2890 328 2919 3.
352 2889 454 2927 lbid.‚
474 2901 507 2929 p.
533 2891 584 2927 27,
604 2890 652 2920 28.
