1873 3329
591 309 641 334 DF.
673 310 730 337 W.
768 308 923 334 ΜΑΡΡῙΟ
958 308 1091 334 PORTA
1528 303 1586 333 185

100 395 294 453 supremi
307 394 488 441 Judicis‚
502 396 625 450 eujus
639 394 881 434 sententias
894 395 963 436 W.
978 394 1181 449 Mappius
1198 394 1241 433 in
1256 393 1586 434 somniovidere

100 472 185 513 sibi
209 472 327 512 visus
350 480 428 522 est,
458 471 690 529 imaginem
721 470 945 510 evocarint
968 469 1090 509 vituli
1120 469 1231 510 infra
1255 470 1417 526 depicti
1451 487 1457 509 ;

694 607 761 615 .....
787 582 859 621 Qui
883 581 1060 625 praevius

358 640 398 672 ln
425 639 508 672 loco
531 650 691 684 pascuae
713 637 926 682 praecurrit
944 637 1069 674 citius,

360 695 546 740 Roditque
568 694 760 726 ruminans
779 693 878 738 quod
903 693 1004 725 novit
1019 691 1167 730 melius,

359 751 403 785 Et
425 751 618 793 saginatus
641 756 697 782 est
720 749 830 781 bonis
852 749 1049 782 alterius¹.

102 851 385 909 Episcopales
419 851 564 893 curiae
599 850 724 907 quasi
751 849 935 892 totidem
968 858 1069 890 sunt
1103 849 1288 906 pusillae
1317 849 1463 890 curiae
1498 849 1588 890 Ro-

101 943 268 969 manae.
300 930 355 970 Ut
386 927 629 969 cardinales
656 927 858 977 Romani,
885 927 940 967 ita
969 927 1168 983 episcopi
1197 942 1346 967 omnes
1376 926 1587 983 pecuniae

100 1004 399 1046 conficiendae
420 1004 511 1045 vias
535 1012 698 1045 norunt
724 1020 731 1043 :
765 1019 880 1044 nunc

360 1116 601 1150 Praebendae
626 1117 814 1149 ducuntur
836 1116 880 1148 ad
905 1116 1027 1148 forum
1039 1116 1065 1150 ².

159 1222 286 1266 Nune
325 1223 509 1280 pecunia
544 1222 658 1272 data,
689 1238 844 1263 causae
872 1221 1173 1278 dijudicantur
1194 1223 1223 1272 ³,
1255 1238 1365 1279 quae
1402 1223 1589 1279 pecunia

103 1315 232 1358 saepe
261 1300 435 1357 saepius
459 1299 845 1341 comissationibus
873 1298 1013 1340 foedis
1037 1300 1271 1340 vorabatur
1292 1300 1320 1340 ⁴.

163 1377 306 1429 Quum
339 1392 441 1418 vero
475 1376 696 1434 papalium
727 1376 1014 1417 tribunalium
1045 1376 1294 1433 corruptela
1326 1377 1504 1417 nonnisi
1537 1375 1590 1417 ad

105 1454 366 1495 miserorum
424 1453 695 1513 litigatorum
752 1453 882 1494 fidem
929 1453 1275 1494 labefactandam
1328 1454 1586 1510 pertineret,

104 1531 322 1572 curiarum
345 1531 659 1588 episcopalium
682 1539 833 1572 contra
862 1531 1189 1587 corruptionem
1213 1531 1438 1588 corruptio
1467 1531 1590 1572 dioe-

104 1609 215 1649 cesis
242 1608 378 1649 totius
406 1609 686 1665 sequebatur.

428 1720 631 1754 Columnae
654 1720 827 1759 titubant,
847 1720 1028 1766 templum
1052 1721 1296 1758 sustinentes,

361 1777 453 1810 Nam
475 1784 696 1821 pervertunt
717 1789 869 1810 munera
895 1776 1149 1821 praelatorum
1171 1778 1354 1811 mentes5.

162 1883 336 1925 Gradus
382 1900 533 1925 omnes
574 1884 774 1926 continui
819 1883 1141 1925 ecclesiasticae
1187 1883 1475 1934 hierarchiae,
1517 1883 1592 1941 qui

102 1961 314 2018 templum
338 1961 557 2002 Ecclesiae
586 1962 822 2010 sustinent,
850 1961 1048 2018 exemplo
1071 1961 1227 2018 capitis
1249 1961 1448 2019 religiosi
1470 1960 1591 2002 dioe-

101 2038 213 2078 cesis
235 2038 443 2079 vitiantur
470 2039 498 2078 ³.

360 2150 444 2184 Non
465 2157 597 2195 pastor
617 2151 755 2188 ovium,
780 2151 845 2183 sed
868 2157 1000 2195 pastus
1021 2149 1169 2183 ovibus.

163 2254 224 2294 Ita
258 2254 475 2295 somnium
504 2255 577 2297 W.
617 2253 784 2310 Mappii
813 2253 1108 2304 evolvebatur,
1145 2269 1279 2310 quum
1320 2253 1434 2294 inter
1474 2268 1592 2293 reso·

105 2329 252 2370 nantia
292 2331 501 2381 tonitrua,
537 2330 657 2372 tertii
691 2330 873 2387 capituli
906 2330 1011 2372 libri
1045 2330 1294 2371 divinorum
1325 2329 1590 2386 judiciorum

104 2406 298 2464 sigillum
330 2416 526 2463 apertum
561 2416 640 2448 est.
682 2408 804 2449 Tunc
839 2416 987 2475 tegere
1026 2423 1113 2448 non
1150 2408 1239 2463 jam
1280 2407 1423 2464 potuit
1464 2414 1592 2462 poeta

104 2483 230 2524 istius
270 2483 438 2540 aquilae
478 2485 648 2541 rapacis
687 2484 896 2534 facinora,
938 2484 982 2525 id
1023 2493 1088 2525 est
1128 2483 1447 2533 archidiaconi,
1490 2482 1591 2524 dein

145 2611 175 2643 1.
194 2613 368 2649 poemata,
390 2622 424 2651 p.
449 2613 477 2642 7.

167 2681 174 2689 .
197 2658 297 2695 lbid„
318 2670 352 2699 p.
373 2660 424 2689 40.

168 2729 176 2736 .
201 2705 302 2742 1bid.,
327 2716 360 2746 p.
382 2707 434 2736 41.

167 2775 176 2785 .
201 2752 303 2792 Ibid.,
326 2764 360 2793 p.
384 2754 434 2785 42.

169 2823 176 2830 .
198 2800 302 2839 1bid.‚
321 2812 355 2841 p.
379 2802 430 2837 42,
451 2801 522 2838 154,
543 2802 592 2832 11.

170 2869 177 2877 .
196 2847 297 2885 1bid.‚
325 2858 357 2888 p.
379 2849 408 2878 8.

144 2659 165 2876 052⁸?ka
