1873 3329
486 299 535 325 DE
569 300 776 325 WALTERU
815 298 958 324 MAPPH
993 298 1087 322 VlTA
1493 293 1528 321 [17

47 407 66 425 (ι
99 386 315 427 occultum
346 395 583 431 auctorem,
608 401 660 425 n«-
689 392 857 441 pateret
887 383 1090 423 sinistrae
1120 381 1235 438 quod
1265 381 1395 422 (labat
1423 381 1528 421 ‹lvx-

44 472 134 504 tcra
184 482 221 503 n.
265 464 419 504 Noun(¹
461 478 604 503 corani
647 461 815 501 Galliac
858 476 958 516 regi·
998 468 1037 499 ct
1084 458 1340 514 proceribus
1385 459 1526 515 regni,

47 558 67 578 «
93 540 184 594 qui,
209 541 332 596 quasi
362 540 518 597 sagitta
542 539 682 578 subita
714 537 926 593 percussi.
951 537 1266 575 obmutuerunt
1291 537 1296 556 ¹
1327 553 1361 580 n,
1388 535 1530 575 excla-

45 617 173 657 mavit
201 616 384 673 quadam
413 617 482 657 die
508 632 552 655 se
575 614 797 671 sexaginta
823 612 956 653 millia
983 631 1001 650 «
1030 628 1270 652 marcarum
1298 631 1316 650 n
1343 612 1529 652 libenter

44 693 164 738 darc.
202 704 245 734 ut
281 693 545 735 Christianis
588 693 629 732 in
665 691 847 731 Oriente
883 689 1185 730 laborantibus
1217 689 1529 729 auxiliarem-1¹

45 770 302 826 llujusmodi
348 770 523 811 dotibus
564 785 638 810 rex
678 768 859 824 Angliae
903 767 982 807 sibi
1028 767 1242 807 sinceram
1291 766 1525 806 multorum

42 848 209 904 paravit
247 848 502 893 amicitiam,
542 855 583 886 ut
623 846 815 886 'l'liomae
852 845 1036 893 Bcckct3
1082 843 1316 883 multorum
1354 843 1523 883 fidelem

42 941 236 981 operam,
274 933 318 965 ut
361 923 559 966 NYalterii
605 922 788 979 Mappii,
832 938 917 979 quo
961 921 1012 961 ab
1056 921 1181 960 initio
1224 920 1346 977 regni
1388 935 1525 976 usque

42 1004 95 1045 ad
124 1013 307 1045 mortem
335 1004 585 1044 convictore
609 1019 712 1043 usus
737 1002 813 1042 suit
832 1003 857 1040 ².

101 1081 218 1122 Alias
244 1082 374 1122 etiam
400 1081 455 1121 ob
478 1096 628 1121 causas
658 1088 808 1120 auctor
839 1079 939 1119 libri
964 1079 1025 1119 De
1047 1078 1187 1135 Nagis
1216 1086 1307 1118 erat
1334 1078 1521 1117 Heni-ico

44 1158 134 1216 regi
171 1158 355 1198 maximo
385 1157 530 1198 studio
561 1157 812 1205 devinctus;
841 1155 1015 1196 illorum
1052 1155 1163 1195 enim
1204 1156 1316 1195 inter
1354 1155 1527 1211 ingenia

42 1234 284 1276 similitudo
330 1234 542 1291 quaedam
585 1233 898 1274 intercedebat.
941 1232 1080 1273 Ambo
1122 1239 1246 1271 erant
1284 1231 1525 1271 litterarum

43 1311 252 1360 studiosi3
296 1312 423 1352 ambo
469 1310 719 1367 gaudebant
767 1309 878 1350 salse
926 1317 967 1349 et
1011 1308 1156 1365 lepide
1198 1308 1352 1357 dictis3
1402 1309 1526 1348 ambo

42 1387 191 1429 eadem
216 1388 268 1428 de
293 1387 507 1446 religione
525 1387 789 1428 sentiebant.
815 1387 907 1427 Rex
928 1395 1095 1442 patrem
1120 1385 1527 1441 referebatsemper

45 1465 262 1505 intentum
288 1464 330 1505 in
353 1464 627 1505 occasionem
651 1464 734 1504 sibi
761 1462 1071 1520 obstringendi
1094 1464 1276 1518 juvenes
1303 1461 1521 1520 egregios,

43 1541 203 1598 quibus
226 1556 412 1582 annuam
438 1541 668 1597 pecuniam
698 1540 962 1596 praestabat,
995 1555 1046 1579 ne
1076 1539 1128 1579 ab
1157 1538 1345 1595 inceptis
1369 1537 1525 1578 studiis

43 1617 256 1658 desistere
289 1626 570 1677 cogerentur.
613 1616 751 1658 Filius
792 1616 946 1657 eodem
991 1615 1118 1656 modo
1154 1631 1197 1655 se
1234 1615 1430 1672 gerebat,
1469 1614 1527 1654 ait

43 1695 200 1735 Petrus
232 1694 455 1735 Blesensis
486 1712 505 1732 «
540 1693 712 1750 quotics
744 1693 859 1733 enim
888 1701 1060 1750 poterat
1089 1708 1108 1732 a
1145 1692 1259 1732 curis
1292 1701 1332 1731 et
1361 1690 1524 1731 sollici-

41 1770 270 1811 tudinibus
309 1771 543 1827 respirare,
578 1779 743 1811 secreta
779 1786 824 1810 se
864 1770 1107 1826 occupabat
1140 1768 1344 1815 lectione,
1377 1777 1450 1808 aut
1484 1768 1525 1807 in

43 1863 181 1889 cuneo
222 1848 483 1889 clericorum
524 1847 715 1904 aliquem
760 1846 936 1888 modum
983 1846 1254 1903 quaestionis
1298 1845 1525 1885 laborabat

42 1924 268 1966 evolvere³
302 1943 338 1964 ».

100 2003 304 2043 Forsitan
336 2019 356 2041 «
394 2003 436 2043 in
468 2018 605 2043 cuneo
638 2001 898 2042 clericorum
929 2018 949 2040 »
979 2000 1184 2058 Mappius
1212 2000 1401 2056 primum
1428 1999 1523 2055 regi

43 2079 251 2130 innotuit,
283 2087 325 2120 et
352 2079 515 2136 placuit
538 2078 603 2120 illi
630 2087 722 2119 tum
746 2078 991 2119 litterarum
1020 2077 1196 2135 peritia,
1223 2085 1314 2117 tum
1336 2076 1524 2133 paratis-

43 2156 151 2197 sime
174 2156 500 2213 rcspondendo.
528 2157 699 2197 Etenim
724 2156 938 2196 chricus
964 2163 1056 2196 erat
1085 2172 1106 2193 «
1132 2155 1175 2195 in
1203 2154 1376 2211 legibus
1398 2168 1524 2194 cons-

42 2229 256 2271 tituendis
285 2238 328 2271 et
360 2230 480 2271 omni
515 2230 730 2288 regimine
771 2229 1035 2287 corrigendo
1063 2229 1296 2279 discretus,
1327 2226 1524 2268 inusitati

42 2307 292 2364 occultique
332 2306 491 2364 judicii
541 2307 715 2348 subtilis
757 2307 985 2348 inventor'·
1034 2324 1072 2355 »‚
1115 2314 1157 2346 et
1199 2306 1256 2347 ita
1302 2305 1433 2346 flebat
1478 2312 1524 2345 ut

45 2384 227 2426 scientia
246 2384 358 2441 juris
381 2393 423 2425 et
445 2383 674 2425 dialectica
697 2384 857 2440 quibus
879 2383 1115 2440 plurimum
1132 2383 1325 2439 pollebat
1347 2381 1522 2424 Girardi

43 2461 223 2502 Puellae
253 2461 494 2518 discipulus
529 2461 581 2501 ab
617 2461 712 2518 ipso
748 2461 922 2502 maximi
956 2460 1087 2517 pretii
1115 2476 1210 2500 csse
1245 2459 1525 2500 ducerentur.

43 2539 275 2579 Praeterea
294 2537 466 2596 linguas
489 2553 641 2578 omnes
659 2536 874 2579 didicerat
897 2555 917 2576 «
943 2545 1172 2594 quaesunt
1193 2552 1215 2577 a
1232 2536 1339 2577 mari
1357 2534 1526 2577 Gallico

84 2712 113 2742 1.
132 2715 178 2742 De
199 2712 317 2753 Nugis,
339 2723 371 2753 p.
399 2714 468 2743 230.

84 2760 115 2791 2.
136 2759 238 2797 lbc‘d„
260 2771 294 2800 p.
317 2760 388 2791 227.

83 2809 113 2837 3.
134 2809 254 2838 Petrus
274 2807 464 2843 Blesenois,
488 2807 598 2847 Epist.
621 2809 670 2838 (56.

84 2855 116 2886 4.
140 2857 186 2885 De
204 2854 321 2896 Nagia
344 2865 377 2895 p.
404 2855 473 2884 227.
