1842 3288
238 334 297 364 132
736 335 785 360 DE
819 334 1042 359 WALTEulO
1078 334 1233 359 MAPPlo

234 424 365 464 verba
395 421 579 479 protulit
604 437 610 460 :
641 438 659 458 «
688 420 925 461 Carissimo
956 419 1032 470 fili,
1062 436 1114 460 nc
1144 420 1316 468 timeas,
1342 421 1443 477 quia
1478 431 1602 479 pater
1626 431 1727 464 tuus

235 516 346 550 sum,
367 508 410 540 et
433 497 543 539 nihil
566 498 647 538 tibi
671 496 900 537 sinistrum
924 496 1076 546 affero,
1100 496 1176 537 sed
1200 496 1474 538 sacerdotem
1497 499 1659 540 advoca
1684 508 1728 540 ut

234 577 382 617 videas
399 591 573 616 causam
591 573 804 615 adventus
830 573 928 613 mei.
952 591 971 612 ))
994 574 1151 614 Statim
1176 573 1321 630 paruit
1341 573 1471 625 filius,
1492 584 1548 624 et,
1574 585 1725 617 vocato

238 670 333 693 cum
376 652 578 709 pluribus
620 651 770 691 amicis
814 650 1057 699 sacerdote,
1097 658 1220 706 pater
1263 651 1421 691 iterum
1463 660 1576 692 stare
1610 653 1728 693 visus

238 739 303 771 est
338 748 344 770 :
383 729 563 770 «Miser
592 744 672 785 ego
711 743 823 774 sum,
856 727 1015 783 inquit,
1048 743 1177 784 quein
1213 736 1258 767 tu
1296 727 1461 768 dudum
1496 745 1575 785 pro
1609 729 1727 770 deci-

236 822 403 847 marum
435 806 595 861 injusta
627 805 877 845 retentione
907 804 1229 844 innominatum
1263 805 1304 844 in
1334 805 1462 845 turba
1494 821 1592 846 cum
1628 806 1724 847 aliis

235 883 641 933 excommunicasti,
667 881 745 922 sed
773 881 815 921 in
845 889 1013 921 tantum
1038 882 1145 921 mihi
1175 898 1253 938 per
1282 882 1465 939 gratiam
1497 883 1578 923 Dei
1605 899 1726 924 com·-

235 976 388 1001 munes
414 959 635 1000 Ecclesiae
666 958 888 998 orationes
917 966 960 998 ct
991 958 1295 1014 eleemosynae
1324 958 1519 999 fidelium
1549 959 1727 1016 prosue-

236 1046 353 1086 runt,
381 1046 426 1078 ut
448 1037 557 1077 mihi
580 1035 1048 1076 lieeatabsolutionem
1073 1044 1239 1091 petere.
1262 1054 1282 1074 ))
1307 1036 1548 1077 Absolutus
1572 1037 1724 1094 igitur,

238 1131 335 1155 cum
360 1130 515 1171 magna
546 1112 781 1153 multorum
802 1112 1085 1169 processione
1111 1128 1245 1169 usque
1276 1113 1328 1153 ad
1357 1113 1524 1154 foveam
1546 1114 1728 1155 veniens

239 1191 410 1240 incidit,
437 1207 547 1248 quae
577 1198 734 1247 sponte
763 1206 895 1246 super
924 1205 1021 1229 eum
1045 1189 1191 1230 clausa
1214 1191 1322 1230 est¹.
1351 1207 1371 1229 »

298 1272 361 1310 De
403 1269 550 1326 equite
599 1268 829 1309 Hamerico
877 1284 946 1308 res
995 1267 1136 1308 adhuc
1184 1268 1323 1324 magis
1370 1267 1573 1308 insolitae
1615 1268 1727 1309 sere-

237 1348 371 1388 bantu
382 1363 414 1398 r,
436 1362 516 1386 nec
538 1346 775 1402 stupebant
796 1344 1043 1393 audientes,
1059 1344 1274 1387 XValterio
1288 1352 1508 1385 narrante.
1528 1345 1636 1386 Cum
1657 1344 1729 1385 ille

235 1424 288 1464 ad
321 1423 539 1464 ludicrum
575 1430 814 1472 certamen,
841 1421 992 1461 amieis
1028 1420 1359 1471 comitantibus,
1385 1422 1486 1472 iret,
1511 1417 1728 1477 pulsatam

237 1501 344 1541 hora
388 1500 547 1541 missac
595 1514 851 1555 campanam
898 1497 1051 1554 procul
1097 1498 1140 1538 in
1188 1498 1305 1556 agris
1352 1497 1532 1538 audivit.
1576 1497 1729 1539 Invitis

237 1586 420 1634 repente
461 1576 612 1617 amicis
661 1576 766 1623 abit,
806 1584 847 1615 et
885 1575 1150 1615 transversis
1185 1575 1418 1616 itineribus
1459 1590 1538 1632 per
1578 1575 1728 1617 silvam

237 1654 392 1695 cellam
434 1653 642 1694 eremitae
684 1653 811 1710 petit,
848 1652 920 1693 ubi
961 1652 1096 1693 saeris
1137 1652 1309 1693 ardenti
1350 1652 1526 1708 pietatis
1571 1651 1728 1693 affectu

235 1731 436 1773 interest.
469 1730 656 1778 Deinde,
689 1730 792 1770 dum
822 1728 913 1770 vult
947 1729 999 1769 ad
1029 1745 1130 1769 suos
1156 1729 1318 1780 redire,
1344 1729 1502 1770 itinere
1530 1729 1723 1780 deerrat,

235 1817 401 1866 etpost
428 1820 517 1849 tres
547 1807 640 1848 dies
662 1815 833 1849 tantum
863 1807 915 1847 ab
945 1815 1089 1847 errato
1112 1806 1339 1857 recedens,
1371 1806 1533 1847 amicos
1563 1806 1730 1863 reperit

233 1903 256 1927 a
278 1886 395 1927 ludis
419 1886 673 1936 redeuntes,
699 1885 773 1942 qui
790 1900 887 1925 eum
911 1885 1044 1925 alacri
1067 1885 1211 1925 animo
1235 1884 1458 1940 accipiunt
1479 1892 1522 1924 et
1545 1883 1727 1924 summis

235 1963 440 2004 laudibus
485 1970 835 2018 prosequuntur.
879 1962 1048 2013 Quibus
1093 1969 1338 2002 commotus
1379 1961 1635 2002 Hamericus
1676 1961 1729 2001 ab

235 2057 321 2081 uno
351 2057 371 2080 e
401 2038 644 2080 carissimis
682 2054 859 2080 sensum
895 2038 1085 2079 abducto
1122 2039 1295 2095 quaerit
1328 2054 1382 2079 ne
1417 2037 1510 2078 ludi
1542 2037 1729 2078 feliciter

235 2117 545 2158 successerint.
567 2115 738 2157 Cuiille
759 2133 766 2156 :
789 2134 809 2155 «
830 2117 949 2157 Bene
972 2116 1101 2156 nobis
1118 2124 1161 2156 et
1180 2131 1311 2156 manu
1327 2123 1418 2167 tua,
1435 2114 1512 2155 sed
1535 2114 1726 2155 inimicis

235 2195 362 2242 male,
389 2194 463 2251 qui
492 2202 638 2234 tamen
666 2192 798 2234 hodie
821 2193 986 2234 reversi
1012 2201 1112 2233 sunt
1132 2191 1185 2232 ad
1208 2208 1288 2232 nos
1310 2200 1357 2233 ut
1385 2200 1427 2232 te
1450 2207 1529 2249 pro
1550 2200 1725 2232 tuorum

233 2290 417 2330 operum
453 2273 745 2314 admiratione
779 2272 996 2320 viderent,
1035 2271 1128 2322 sed,
1168 2280 1214 2312 ut
1247 2271 1342 2312 heri
1377 2270 1638 2312 recessimus
1673 2270 1723 2311 ad

233 2352 442 2407 hospitia,
476 2366 603 2391 nemo
644 2350 774 2390 nobis
810 2349 863 2390 de
904 2358 946 2390 te
987 2349 1223 2406 quicquam
1259 2347 1540 2389 certitudinis
1578 2347 1725 2388 dicere

233 2429 378 2484 potuit
415 2444 421 2467 :
461 2435 664 2467 asserunt
704 2435 746 2468 et
787 2426 993 2483 armigeri
1040 2426 1103 2466 tui
1145 2425 1286 2483 quod,
1326 2424 1456 2465 armis
1497 2424 1584 2466 tuis
1623 2440 1645 2465 a
1683 2433 1725 2465 te

236 2505 443 2561 receptis,
476 2504 528 2544 ab
548 2503 687 2544 oculis
710 2519 860 2544 eorum
884 2502 1099 2543 evanuisti
1122 2518 1219 2543 cum
1242 2517 1354 2559 equo
1376 2510 1467 2543 tuo.
1496 2519 1517 2541 )›
1541 2501 1728 2543 Miratur

233 2581 346 2638 ipse,
382 2580 546 2622 nullius
588 2580 732 2621 meriti
777 2579 1092 2620 conscientiam
1139 2579 1325 2630 habens,
1357 2587 1399 2619 et
1437 2578 1510 2619 vix
1550 2577 1728 2619 tandem

234 2658 421 2699 advertit
445 2676 466 2697 <c
490 2657 608 2715 quod
634 2657 967 2714 dispensaverat
990 2657 1027 2697 ei
1051 2656 1267 2697 Dominus
1290 2656 1518 2705 vicarium,
1543 2671 1598 2696 ne
1621 2671 1729 2713 gau-

232 2735 336 2776 dere
361 2735 469 2776 socii
493 2735 560 2775 sui
583 2742 768 2791 possent
790 2733 843 2774 de
872 2733 1004 2774 inissa
1027 2732 1252 2789 despecta,
1277 2732 1345 2774 vel
1373 2732 1468 2789 ipse
1496 2731 1646 2773 dolere
1675 2731 1728 2772 de

280 2895 308 2924 1.
326 2897 372 2924 De
396 2895 515 2936 Nugis,
536 2905 570 2935 p.
595 2894 664 2924 106.
