1842 3288
229 328 288 357 170
725 330 774 354 DE
809 331 1032 355 WALTEnlo
1068 329 1224 355 MAPPIO

231 416 346 464 xvu³,
402 432 549 455 verum
602 415 800 454 habitum
866 424 932 455 est
984 414 1146 455 indicta
1205 430 1364 464 causa;
1421 415 1565 455 medio
1621 431 1724 456 vcro

233 492 408 533 saeculo
433 499 522 532 x1x⁴¹
545 507 750 532 censores
780 492 852 531 alii
881 493 952 535 W.
982 492 1160 548 Mappio
1189 491 1440 531 adscribere
1469 501 1725 532 recusarunt

233 569 544 610 brevissimum
578 568 692 608 inter
722 577 918 624 poemata
955 584 1065 625 quae
1102 567 1246 608 multis
1274 567 1435 607 abhinc
1469 568 1653 609 sacculis
1682 577 1728 609 ut

232 646 422 703 genuina
454 645 593 701 ipsius
629 660 762 701 opera
796 645 969 704 vulgata
1000 653 1140 685 erant.
1174 649 1267 696 Qua
1299 644 1507 700 opinione
1536 661 1557 685 a
1586 646 1637 685 D.
1669 644 1724 685 du

234 722 363 763 Meril
412 730 703 778 propugnata,
744 730 848 762 tunc
886 723 1113 761 doctorum
1163 721 1379 761 sententia
1431 729 1591 761 mutata
1645 729 1723 762 est.

233 801 351 839 Inter
382 815 454 838 eos
482 798 676 854 quidam,
710 798 898 854 exempli
930 799 1068 854 gratia
1100 799 1151 838 D.
1184 797 1432 854 Langlois¹‚
1465 798 1725 838 sententiam

233 876 378 916 dicere
414 875 685 925 abnuerunt3
733 874 821 921 alii,
866 883 909 914 ut
950 874 1134 931 Morlcy,
1179 890 1311 930 quum
1353 873 1666 915 dissentientes
1707 891 1727 914 a

233 952 397 992 criticis
439 952 511 1007 qui
549 951 592 990 in
634 950 805 991 cunctis
841 950 989 991 latinis
1028 951 1158 991 medii
1189 951 1280 991 aevi
1313 951 1590 1007 poematibus
1627 949 1727 1006 styli

232 1028 456 1085 Mappiani
483 1027 653 1083 aliquid
683 1027 1085 1075 subodorabantur,
1112 1036 1202 1068 tum
1235 1027 1324 1068 sola
1354 1027 1606 1067 authentica
1634 1042 1727 1067 esse

234 1113 574 1164 propugnarunt
601 1105 749 1145 brevia
772 1104 940 1161 aliquot
968 1113 1169 1160 poemata
1199 1120 1308 1160 quae
1339 1104 1451 1144 fama
1476 1104 1724 1144 illustravit.

294 1182 502 1223 Rationes
551 1181 712 1238 quibus
754 1182 804 1221 D.
851 1181 906 1221 (lu
948 1181 1077 1221 Meril
1112 1182 1317 1222 innititur
1356 1181 1533 1221 eaedem
1580 1196 1729 1222 revera

231 1268 336 1315 sunt
360 1275 466 1314 quas
497 1258 549 1299 de
578 1260 757 1299 Mensae
781 1258 1013 1299 Rotundae
1045 1258 1203 1298 fabulis
1231 1259 1345 1299 bona
1375 1258 1459 1298 fide
1481 1257 1727 1298 retulimus.

236 1338 462 1392 Perpcnso
512 1335 703 1392 primum
748 1335 945 1392 pondere
991 1335 1346 1375 testimoniorum
1404 1350 1533 1375 manu
1590 1350 1729 1391 scrip-

235 1422 400 1462 torum,
451 1429 561 1469 quae
608 1428 694 1452 non
740 1411 931 1452 auctoris
972 1411 1133 1451 eruditi
1182 1420 1224 1451 et
1270 1411 1454 1467 alicujus
1501 1411 1728 1468 ponderis,

236 1490 465 1545 cujusdam
501 1498 652 1530 contra
688 1497 791 1529 sunt
834 1489 928 1529 sine
968 1488 1145 1529 nomine
1184 1488 1369 1537 librarii,
1413 1487 1649 1528 scribentis
1686 1489 1730 1529 in

240 1566 472 1625 margine:
505 1566 675 1609 &Valter
704 1566 856 1622 Mapes
893 1565 1032 1622 (sic)²',
1070 1574 1159 1605 tum
1194 1566 1246 1606 D.
1287 1565 1344 1605 du
1378 1564 1508 1606 Meril
1542 1565 1732 1621 probare

235 1652 375 1685 tentat
408 1644 450 1684 id
488 1652 737 1701 poematum
781 1658 920 1702 genus
957 1643 1068 1683 vitae
1109 1643 1394 1699 moribusque
1435 1644 1507 1686 W.
1545 1643 1729 1699 Mappii,

243 1721 393 1777 quales
428 1720 540 1761 sama
571 1719 771 1770 tradidit,
801 1719 926 1760 valde
961 1720 1190 1760 absonum.
1220 1737 1239 1758 t(
1273 1720 1486 1770 Primum,
1512 1720 1670 1777 inquit,
1696 1719 1732 1760 is

237 1807 328 1839 erat
360 1799 425 1838 vir
456 1798 586 1855 genio
622 1813 670 1838 ac
712 1797 849 1838 facete
886 1796 1016 1837 dictis
1059 1797 1166 1837 mire
1208 1797 1460 1855 indulgens,
1506 1797 1580 1854 qui
1621 1796 1733 1837 nihil

238 1875 416 1932 scripsit
450 1875 535 1915 nisi
566 1876 745 1915 Mensae
774 1874 1007 1917 Rotundae
1038 1874 1278 1915 fabularum
1309 1874 1644 1915 translationem
1679 1874 1732 1915 ad

238 1968 363 1993 usum
410 1952 647 1992 aulicarum
687 1960 983 1992 matronarum
1019 1960 1061 1991 et
1100 1951 1217 2009 regis
1260 1951 1399 2007 ipsius
1435 1951 1614 1992 Henrici
1653 1950 1727 2002 IIi3

237 2038 389 2070 auctor
429 2037 579 2069 contra
618 2028 855 2069 latinorum
891 2044 1173 2068 numerorum
1214 2044 1295 2085 pro
1336 2028 1511 2069 clericis
1562 2036 1733 2070 tantum

239 2105 431 2163 scripsit,
458 2106 728 2162 praebetque
753 2121 796 2145 se
820 2113 911 2145 tum
930 2105 1062 2162 longo
1085 2104 1262 2164 linguae
1287 2105 1445 2145 latinae
1469 2121 1548 2145 usu
1571 2105 1733 2146 exerci-

237 2192 390 2230 tatum,
416 2192 506 2223 tum
531 2183 573 2222 in
600 2182 808 2239 operibus
833 2182 1026 2238 antiquis
1049 2181 1248 2239 apprime
1270 2190 1507 2233 versatum,
1533 2198 1664 2238 quum
1690 2182 1734 2223 in

239 2260 386 2301 multis
427 2261 519 2316 ejus
554 2259 849 2316 poematibus,
888 2258 1003 2299 linea
1042 2258 1196 2299 ultima
1233 2260 1444 2315 cujusque
1484 2259 1734 2299 tetrastichi

240 2337 402 2393 scripta
425 2338 481 2376 sit
503 2336 686 2377 classico
710 2344 866 2384 metro,
891 2351 1133 2393 versusque
1157 2335 1362 2392 strophae
1386 2335 1589 2392 quaterni
1613 2335 1735 2376 simi-

240 2414 339 2454 liter
377 2413 583 2453 desinant
601 2415 629 2453 ³.
664 2431 684 2452 »
723 2414 861 2464 Quam
898 2412 1322 2453 demonstrationem
1369 2412 1635 2460 breviorem,
1679 2428 1733 2453 ne

239 2490 456 2531 infirmam
487 2490 645 2540 dicam,
677 2499 723 2530 ut
754 2490 1000 2539 confirmet,
1034 2491 1086 2530 D.
1126 2489 1181 2530 du
1212 2489 1341 2530 Meril
1372 2497 1531 2530 testem
1555 2489 1734 2530 advocat

242 2567 470 2608 Giraldum
495 2568 824 2616 Cambrensem,
849 2567 922 2610 W.
948 2566 1127 2623 Mappio
1150 2545 1428 2608 familio'rem.
1448 2566 1550 2619 Qui,
1576 2565 1734 2607 asserit

241 2645 294 2685 D.
338 2644 393 2685 du
440 2644 586 2694 MeriL
631 2645 674 2684 in
715 2643 947 2700 permultis
990 2652 1032 2683 et
1074 2642 1245 2701 magnis
1286 2642 1376 2684 suis
1417 2643 1731 2694 voluminibus,

284 2798 312 2828 1.
331 2797 415 2827 Vide
433 2797 599 2827 articulos
623 2796 710 2826 duos
728 2796 762 2825 in
784 2798 891 2826 Revue
911 2796 1025 2834 Blene,
1041 2796 1115 2836 jam
1136 2800 1206 2827 ant.
1229 2796 1286 2827 cit.

282 2846 312 2874 2.
336 2847 382 2873 La
400 2844 513 2885 poesie
537 2844 642 2873 latine
662 2855 705 2873 aa
725 2855 844 2884 moyen
866 2846 938 2885 (ige,
959 2854 992 2884 p.
1016 2844 1088 2874 149.

284 2895 313 2922 3.
338 2895 385 2921 La
405 2895 518 2933 poesie
534 2891 638 2921 latine
659 2903 703 2920 an
725 2902 843 2931 moyen
869 2893 943 2932 dge,
968 2902 1001 2931 p.
1022 2891 1093 2921 150.
