1842 3288
788 1082 1185 1125 CONCLL'SIO

253 1275 264 1283 ‘
300 1269 484 1311 Videtur
506 1268 642 1326 igitur
658 1266 898 1310 W'alterius
915 1266 1119 1322 Mappius
1136 1291 1192 1296 —
1208 1281 1433 1322 speramus
1450 1265 1564 1306 enim
1583 1281 1633 1306 ex
1648 1266 1730 1306 hoc

242 1346 363 1387 brevi
381 1346 545 1402 scripto
565 1345 620 1385 ita
644 1344 781 1385 videri
804 1370 860 1374 —
877 1344 1099 1400 specimen
1124 1342 1343 1399 quoddam
1373 1342 1664 1383 clarissimum
1687 1343 1730 1383 in

245 1423 456 1481 singulari
498 1438 682 1478 persona
725 1421 969 1477 exprimere
1012 1435 1179 1460 morum
1228 1419 1380 1461 aetatis
1426 1420 1580 1476 hujus,
1620 1435 1730 1476 quae

247 1517 342 1541 cum
384 1499 620 1540 multorum
662 1506 881 1539 auctorem
929 1496 1118 1537 lectione
1158 1496 1287 1553 plena
1329 1496 1481 1546 suerit,
1524 1496 1732 1553 impedita

250 1592 380 1633 saepe
403 1575 616 1625 videatur,
650 1591 697 1615 ac
723 1590 852 1630 saepe
883 1573 983 1614 dum
1011 1582 1083 1614 aut
1104 1573 1383 1632 longioribus
1405 1572 1732 1614 narrationibus

250 1663 319 1694 aut
342 1653 484 1693 minus
508 1652 631 1693 novis
655 1650 903 1708 disciplinis
927 1659 968 1691 et
991 1650 1235 1691 rationibus
1259 1649 1468 1691 libentius
1487 1650 1730 1708 indulgeat,

249 1747 335 1771 non
375 1738 447 1770 aut
482 1729 866 1785 intemperantiae,
908 1736 980 1768 aut
1021 1726 1185 1768 fastidii
1229 1727 1379 1768 vitium
1414 1727 1569 1787 fugiat.
1607 1726 1735 1780 Quod

248 1818 439 1865 tempus,
465 1807 547 1847 etsi
569 1822 805 1863 puerorum
830 1805 1094 1862 imperitiam
1115 1820 1161 1845 ac
1180 1820 1331 1845 senum
1356 1804 1586 1846 stultitiam
1607 1813 1737 1862 atque

249 1885 451 1925 inertiam
484 1884 527 1924 in
558 1900 602 1924 se
638 1883 883 1933 contrahat,
920 1891 1065 1923 tamen
1102 1890 1268 1923 attento
1298 1882 1442 1923 animo
1474 1897 1554 1923 nec
1586 1897 1735 1922 severo

249 1963 480 2002 observare
522 1961 748 2009 debemus,
793 1976 889 2000 cum
927 1968 1031 2000 tunc
1073 1959 1115 1999 in
1157 1960 1331 2016 Europa
1378 1958 1736 2016 septentrionali,

249 2048 348 2096 post
388 2039 540 2096 longas
580 2038 721 2079 noctis
764 2053 922 2085 moras,
972 2037 1112 2093 prima
1153 2052 1309 2077 aurora
1356 2036 1562 2077 illuxerit.
1607 2035 1732 2077 Adde

252 2115 370 2173 quod
391 2115 631 2159 W'alterius
648 2114 852 2171 Mappius
877 2130 988 2154 unus
1011 2129 1061 2154 ex
1084 2099 1469 2171 hiqssoriptoribus
1493 2112 1624 2153 fuerit
1645 2113 1737 2169 qui,

254 2208 350 2233 cum
380 2201 421 2232 et
445 2192 576 2249 Angli
599 2200 640 2232 et
667 2191 878 2233 Normani
911 2199 983 2231 aut
1010 2173 1180 2248 origine
1212 2199 1284 2230 aut
1311 2189 1480 2230 cultura
1509 2205 1585 2230 sua
1614 2190 1742 2230 exsti-

255 2269 404 2316 terint,
438 2284 548 2325 quae
583 2270 671 2324 jam
714 2267 891 2325 sanguis
931 2268 1164 2308 miscuerat
1201 2267 1371 2307 diversa
1402 2282 1582 2325 genera,
1608 2266 1738 2307 etiam

256 2345 487 2403 permixtis
536 2345 727 2404 ingeniis
780 2353 822 2385 et
868 2344 1103 2395 mentibus,
1149 2343 1207 2384 ita
1246 2343 1385 2401 magis
1432 2352 1562 2400 atque
1604 2343 1741 2400 magis

258 2422 371 2462 inter
406 2438 449 2462 se
479 2421 697 2462 contineri
730 2420 945 2471 fecerunt,
977 2429 1023 2461 ut
1049 2422 1138 2477 jam
1168 2436 1302 2461 unum
1327 2435 1466 2477 genus
1494 2435 1546 2460 ex
1573 2419 1742 2460 duobus

257 2498 474 2540 evaderet.
518 2498 752 2539 Mixturam
805 2497 920 2538 enim
968 2496 1236 2556 singularem
1283 2495 1402 2537 illam
1446 2496 1560 2553 apud
1598 2495 1743 2537 nullos

258 2575 418 2616 clarius
443 2574 730 2631 comperieris
754 2573 864 2622 fieri,
892 2589 1021 2630 quam
1050 2572 1166 2629 apud
1192 2573 1477 2614 historiarum
1505 2572 1743 2629 scriptores

260 2651 360 2692 illos
384 2660 426 2692 et
447 2667 615 2691 morum
639 2659 964 2707 praeceptores,
988 2649 1147 2707 quibus
1170 2650 1294 2707 origo
1318 2665 1395 2691 sua
1416 2665 1651 2690 saxoneum
1673 2657 1746 2690 aut

261 2728 465 2769 celticum
495 2728 772 2787 sanguinem,
804 2726 973 2767 cultura
997 2742 1070 2767 sua
1099 2726 1300 2784 gallicam
1331 2726 1610 2783 disciplinam
1636 2725 1746 2766 insu-

263 2806 377 2846 derit
401 2823 408 2846 1
436 2821 621 2862 quorum
646 2813 687 2846 et
709 2804 967 2845 auctoritate
991 2812 1032 2844 ct
1054 2812 1207 2845 natura
1228 2820 1329 2845 vere
1351 2804 1558 2862 princeps
1581 2801 1747 2844 exstitit

266 2883 520 2926 WValtcrius.
