<?xml version="1.0" encoding="UTF-8"?>
<!DOCTYPE html PUBLIC "-//W3C//DTD XHTML 1.0 Transitional//EN"
    "http://www.w3.org/TR/xhtml1/DTD/xhtml1-transitional.dtd">
<html xmlns="http://www.w3.org/1999/xhtml" xml:lang="en" lang="en">
 <head>
  <title>
</title>
<meta http-equiv="Content-Type" content="text/html;charset=utf-8" />
  <meta name='ocr-system' content='tesseract 3.04.00' />
  <meta name='ocr-capabilities' content='ocr_page ocr_carea ocr_par ocr_line ocrx_word'/>
</head>
<body>
  <div class='ocr_page' id='page_1' title='image "./dewalteriomappio00barduoft_0207.png"; bbox 0 0 1873 3329; ppageno 0'>
   <div class='ocr_carea' id='block_1_1' title="bbox 97 243 1589 762">
    <p class='ocr_par' dir='ltr' id='par_1_1' title="bbox 97 243 1589 762">
     <span class='ocr_line' id='line_1_1' title="bbox 599 243 1585 271; baseline 0.003 -3"><span class='ocrx_word' id='word_1_1' title='bbox 599 244 647 269; x_wconf 77' lang='grc' dir='ltr'>υε</span> <span class='ocrx_word' id='word_1_2' title='bbox 682 244 735 268; x_wconf 80' lang='lat' dir='ltr'>w.</span> <span class='ocrx_word' id='word_1_3' title='bbox 776 244 929 269; x_wconf 74' lang='lat' dir='ltr'>MAl’Pw</span> <span class='ocrx_word' id='word_1_4' title='bbox 965 244 1098 270; x_wconf 73' lang='lat' dir='ltr'><strong>POETA</strong></span> <span class='ocrx_word' id='word_1_5' title='bbox 1531 243 1585 271; x_wconf 78' lang='grc'>191</span> 
     </span>
     <span class='ocr_line' id='line_1_2' title="bbox 162 320 1589 379; baseline 0.001 -17"><span class='ocrx_word' id='word_1_6' title='bbox 162 323 209 362; x_wconf 87' lang='lat' dir='ltr'>ln</span> <span class='ocrx_word' id='word_1_7' title='bbox 266 321 351 362; x_wconf 89' lang='lat' dir='ltr'>illis</span> <span class='ocrx_word' id='word_1_8' title='bbox 406 320 607 362; x_wconf 76' lang='lat' dir='ltr'>facilibus</span> <span class='ocrx_word' id='word_1_9' title='bbox 649 322 893 371; x_wconf 65' lang='lat' dir='ltr'>von-siculis,</span> <span class='ocrx_word' id='word_1_10' title='bbox 949 322 1098 363; x_wconf 81' lang='lat' dir='ltr'>audias</span> <span class='ocrx_word' id='word_1_11' title='bbox 1154 324 1275 379; x_wconf 82' lang='lat' dir='ltr'>quasi</span> <span class='ocrx_word' id='word_1_12' title='bbox 1335 333 1589 365; x_wconf 70' lang='lat' dir='ltr'>resonantes</span> 
     </span>
     <span class='ocr_line' id='line_1_3' title="bbox 97 398 1586 458; baseline 0.002 -19"><span class='ocrx_word' id='word_1_13' title='bbox 97 398 274 440; x_wconf 71' lang='lat' dir='ltr'>collisos</span> <span class='ocrx_word' id='word_1_14' title='bbox 323 399 436 439; x_wconf 71' lang='lat' dir='ltr'>inter</span> <span class='ocrx_word' id='word_1_15' title='bbox 471 415 514 439; x_wconf 81' lang='lat' dir='ltr'>se</span> <span class='ocrx_word' id='word_1_16' title='bbox 550 398 725 442; x_wconf 76' lang='lat' dir='ltr'>calices.</span> <span class='ocrx_word' id='word_1_17' title='bbox 764 408 835 440; x_wconf 88' lang='lat' dir='ltr'>aut</span> <span class='ocrx_word' id='word_1_18' title='bbox 879 407 1146 455; x_wconf 71' lang='lat' dir='ltr'>strepentem</span> <span class='ocrx_word' id='word_1_19' title='bbox 1183 407 1430 455; x_wconf 83' lang='lat' dir='ltr'>potatorum</span> <span class='ocrx_word' id='word_1_20' title='bbox 1479 402 1586 458; x_wconf 84' lang='lat' dir='ltr'>pris-</span> 
     </span>
     <span class='ocr_line' id='line_1_4' title="bbox 99 475 556 516; baseline -0.002 0"><span class='ocrx_word' id='word_1_21' title='bbox 99 491 248 516; x_wconf 84' lang='lat' dir='ltr'>corum</span> <span class='ocrx_word' id='word_1_22' title='bbox 278 475 556 516; x_wconf 77' lang='lat' dir='ltr'>cachinnum.</span> 
     </span>
     <span class='ocr_line' id='line_1_5' title="bbox 156 550 1585 609; baseline 0.001 -16"><span class='ocrx_word' id='word_1_23' title='bbox 156 553 266 593; x_wconf 89' lang='lat' dir='ltr'>Tum</span> <span class='ocrx_word' id='word_1_24' title='bbox 304 553 447 609; x_wconf 66' lang='lat' dir='ltr'>pergit</span> <span class='ocrx_word' id='word_1_25' title='bbox 479 553 548 594; x_wconf 78' lang='lat' dir='ltr'>W.</span> <span class='ocrx_word' id='word_1_26' title='bbox 592 552 797 608; x_wconf 80' lang='lat' dir='ltr'>Mappius</span> <span class='ocrx_word' id='word_1_27' title='bbox 828 550 1028 592; x_wconf 83' lang='lat' dir='ltr'>conlitcri</span> <span class='ocrx_word' id='word_1_28' title='bbox 1065 567 1138 592; x_wconf 88' lang='lat' dir='ltr'>sua</span> <span class='ocrx_word' id='word_1_29' title='bbox 1173 553 1292 601; x_wconf 72' lang='lat' dir='ltr'>vitia,</span> <span class='ocrx_word' id='word_1_30' title='bbox 1331 552 1489 593; x_wconf 71' lang='lat' dir='ltr'>fatetur</span> <span class='ocrx_word' id='word_1_31' title='bbox 1524 570 1585 602; x_wconf 72' lang='lat' dir='ltr'>sc,</span> 
     </span>
     <span class='ocr_line' id='line_1_6' title="bbox 100 628 1585 685; baseline 0.001 -16"><span class='ocrx_word' id='word_1_32' title='bbox 100 628 217 685; x_wconf 90' lang='lat' dir='ltr'>quod</span> <span class='ocrx_word' id='word_1_33' title='bbox 240 629 332 669; x_wconf 70' lang='lat' dir='ltr'>viro</span> <span class='ocrx_word' id='word_1_34' title='bbox 369 629 667 670; x_wconf 79' lang='lat' dir='ltr'>ecclesiastico</span> <span class='ocrx_word' id='word_1_35' title='bbox 704 643 855 684; x_wconf 85' lang='lat' dir='ltr'>parum</span> <span class='ocrx_word' id='word_1_36' title='bbox 889 628 1080 678; x_wconf 79' lang='lat' dir='ltr'>deceret,</span> <span class='ocrx_word' id='word_1_37' title='bbox 1115 628 1398 669; x_wconf 82' lang='lat' dir='ltr'>inclinatione</span> <span class='ocrx_word' id='word_1_38' title='bbox 1434 629 1585 670; x_wconf 74' lang='lat' dir='ltr'>volun-</span> 
     </span>
     <span class='ocr_line' id='line_1_7' title="bbox 100 705 827 762; baseline -0.001 -16"><span class='ocrx_word' id='word_1_39' title='bbox 100 705 201 746; x_wconf 85' lang='lat' dir='ltr'>tatis</span> <span class='ocrx_word' id='word_1_40' title='bbox 231 705 509 762; x_wconf 76' lang='lat' dir='ltr'>propendere</span> <span class='ocrx_word' id='word_1_41' title='bbox 540 706 581 745; x_wconf 94' lang='lat' dir='ltr'>in</span> <span class='ocrx_word' id='word_1_42' title='bbox 611 705 794 746; x_wconf 85' lang='lat' dir='ltr'>seminas</span> <span class='ocrx_word' id='word_1_43' title='bbox 821 722 827 745; x_wconf 96' lang='lat'>:</span> 
     </span>
    </p>
   </div>
   <div class='ocr_carea' id='block_1_2' title="bbox 358 817 1253 919">
    <p class='ocr_par' dir='ltr' id='par_1_2' title="bbox 358 817 1253 919">
     <span class='ocr_line' id='line_1_8' title="bbox 362 817 1138 856; baseline 0 -6"><span class='ocrx_word' id='word_1_44' title='bbox 362 818 434 851; x_wconf 81' lang='lat' dir='ltr'>Res</span> <span class='ocrx_word' id='word_1_45' title='bbox 456 825 511 851; x_wconf 81' lang='lat' dir='ltr'>est</span> <span class='ocrx_word' id='word_1_46' title='bbox 536 817 765 850; x_wconf 85' lang='lat' dir='ltr'>arduissima</span> <span class='ocrx_word' id='word_1_47' title='bbox 787 817 933 850; x_wconf 74' lang='lat' dir='ltr'>vincere</span> <span class='ocrx_word' id='word_1_48' title='bbox 956 824 1138 856; x_wconf 85' lang='lat' dir='ltr'>naturam,</span> 
     </span>
     <span class='ocr_line' id='line_1_9' title="bbox 358 873 1253 919; baseline 0 -13"><span class='ocrx_word' id='word_1_49' title='bbox 358 874 398 906; x_wconf 90' lang='lat' dir='ltr'>ln</span> <span class='ocrx_word' id='word_1_50' title='bbox 423 880 576 919; x_wconf 85' lang='lat' dir='ltr'>aspectu</span> <span class='ocrx_word' id='word_1_51' title='bbox 601 873 786 916; x_wconf 70' lang='lat' dir='ltr'>virginum</span> <span class='ocrx_word' id='word_1_52' title='bbox 809 881 967 906; x_wconf 77' lang='lat' dir='ltr'>mentem</span> <span class='ocrx_word' id='word_1_53' title='bbox 989 874 1086 906; x_wconf 79' lang='lat' dir='ltr'>ferre</span> <span class='ocrx_word' id='word_1_54' title='bbox 1109 886 1253 919; x_wconf 83' lang='lat' dir='ltr'>puram,</span> 
     </span>
    </p>
   </div>
   <div class='ocr_carea' id='block_1_3' title="bbox 96 979 1389 1037">
    <p class='ocr_par' dir='ltr' id='par_1_3' title="bbox 96 979 1389 1037">
     <span class='ocr_line' id='line_1_10' title="bbox 96 979 1389 1037; baseline 0 -17"><span class='ocrx_word' id='word_1_55' title='bbox 96 980 291 1021; x_wconf 80' lang='lat' dir='ltr'>Tristitia</span> <span class='ocrx_word' id='word_1_56' title='bbox 317 979 529 1037; x_wconf 86' lang='lat' dir='ltr'>quaedam</span> <span class='ocrx_word' id='word_1_57' title='bbox 560 981 677 1020; x_wconf 85' lang='lat' dir='ltr'>subit</span> <span class='ocrx_word' id='word_1_58' title='bbox 698 989 951 1037; x_wconf 71' lang='lat' dir='ltr'>temperans</span> <span class='ocrx_word' id='word_1_59' title='bbox 975 980 1158 1021; x_wconf 85' lang='lat' dir='ltr'>fabellae</span> <span class='ocrx_word' id='word_1_60' title='bbox 1183 980 1359 1022; x_wconf 85' lang='lat' dir='ltr'>facetias</span> <span class='ocrx_word' id='word_1_61' title='bbox 1383 998 1389 1020; x_wconf 91' lang='lat'>:</span> 
     </span>
    </p>
   </div>
   <div class='ocr_carea' id='block_1_4' title="bbox 353 1092 1276 1194">
    <p class='ocr_par' dir='ltr' id='par_1_4' title="bbox 353 1092 1276 1194">
     <span class='ocr_line' id='line_1_11' title="bbox 353 1092 1276 1138; baseline 0.001 -14"><span class='ocrx_word' id='word_1_62' title='bbox 353 1092 515 1125; x_wconf 75' lang='lat' dir='ltr'>Juvenes</span> <span class='ocrx_word' id='word_1_63' title='bbox 536 1104 606 1125; x_wconf 92' lang='lat' dir='ltr'>non</span> <span class='ocrx_word' id='word_1_64' title='bbox 628 1104 834 1137; x_wconf 83' lang='lat' dir='ltr'>possumus</span> <span class='ocrx_word' id='word_1_65' title='bbox 855 1092 976 1134; x_wconf 72' lang='lat' dir='ltr'>legem</span> <span class='ocrx_word' id='word_1_66' title='bbox 999 1093 1106 1138; x_wconf 85' lang='lat' dir='ltr'>sequi</span> <span class='ocrx_word' id='word_1_67' title='bbox 1129 1093 1276 1136; x_wconf 84' lang='lat' dir='ltr'>duram,</span> 
     </span>
     <span class='ocr_line' id='line_1_12' title="bbox 354 1147 1226 1194; baseline 0 -14"><span class='ocrx_word' id='word_1_68' title='bbox 354 1147 587 1194; x_wconf 84' lang='lat' dir='ltr'>Leviumque</span> <span class='ocrx_word' id='word_1_69' title='bbox 607 1160 808 1193; x_wconf 87' lang='lat' dir='ltr'>corporum</span> <span class='ocrx_word' id='word_1_70' title='bbox 834 1160 904 1181; x_wconf 91' lang='lat' dir='ltr'>non</span> <span class='ocrx_word' id='word_1_71' title='bbox 926 1148 1063 1182; x_wconf 85' lang='lat' dir='ltr'>habere</span> <span class='ocrx_word' id='word_1_72' title='bbox 1086 1160 1226 1184; x_wconf 86' lang='lat' dir='ltr'>curam.</span> 
     </span>
    </p>
   </div>
   <div class='ocr_carea' id='block_1_5' title="bbox 93 1255 983 1312">
    <p class='ocr_par' dir='ltr' id='par_1_5' title="bbox 93 1255 983 1312">
     <span class='ocr_line' id='line_1_13' title="bbox 93 1255 983 1312; baseline 0 -16"><span class='ocrx_word' id='word_1_73' title='bbox 93 1255 220 1297; x_wconf 85' lang='lat' dir='ltr'>Brevi</span> <span class='ocrx_word' id='word_1_74' title='bbox 246 1264 390 1297; x_wconf 88' lang='lat' dir='ltr'>autem</span> <span class='ocrx_word' id='word_1_75' title='bbox 413 1255 527 1296; x_wconf 90' lang='lat' dir='ltr'>redit</span> <span class='ocrx_word' id='word_1_76' title='bbox 551 1255 603 1296; x_wconf 91' lang='lat' dir='ltr'>ad</span> <span class='ocrx_word' id='word_1_77' title='bbox 626 1255 745 1296; x_wconf 90' lang='lat' dir='ltr'>lusus</span> <span class='ocrx_word' id='word_1_78' title='bbox 768 1263 810 1296; x_wconf 84' lang='lat' dir='ltr'>et</span> <span class='ocrx_word' id='word_1_79' title='bbox 826 1257 950 1312; x_wconf 87' lang='lat' dir='ltr'>jocos</span> <span class='ocrx_word' id='word_1_80' title='bbox 976 1272 983 1295; x_wconf 92' lang='lat'><strong>:</strong></span> 
     </span>
    </p>
   </div>
   <div class='ocr_carea' id='block_1_6' title="bbox 348 1367 1265 1525">
    <p class='ocr_par' dir='ltr' id='par_1_6' title="bbox 348 1367 1265 1525">
     <span class='ocr_line' id='line_1_14' title="bbox 351 1367 990 1413; baseline 0.002 -12"><span class='ocrx_word' id='word_1_81' title='bbox 351 1368 390 1401; x_wconf 87' lang='lat' dir='ltr'>Si</span> <span class='ocrx_word' id='word_1_82' title='bbox 412 1379 530 1413; x_wconf 91' lang='lat' dir='ltr'>ponas</span> <span class='ocrx_word' id='word_1_83' title='bbox 549 1367 795 1413; x_wconf 75' lang='lat' dir='ltr'>Hippolytum</span> <span class='ocrx_word' id='word_1_84' title='bbox 818 1367 990 1402; x_wconf 88' lang='lat' dir='ltr'>hodie....</span> 
     </span>
     <span class='ocr_line' id='line_1_15' title="bbox 348 1424 1129 1469; baseline 0.001 -13"><span class='ocrx_word' id='word_1_85' title='bbox 348 1424 429 1457; x_wconf 75' lang='lat' dir='ltr'>Non</span> <span class='ocrx_word' id='word_1_86' title='bbox 454 1425 526 1458; x_wconf 80' lang='lat' dir='ltr'>crit</span> <span class='ocrx_word' id='word_1_87' title='bbox 547 1424 779 1469; x_wconf 75' lang='lat' dir='ltr'>Hippolytus</span> <span class='ocrx_word' id='word_1_88' title='bbox 802 1425 836 1456; x_wconf 87' lang='lat' dir='ltr'>iu</span> <span class='ocrx_word' id='word_1_89' title='bbox 860 1425 1031 1469; x_wconf 80' lang='lat' dir='ltr'>sequenti</span> <span class='ocrx_word' id='word_1_90' title='bbox 1051 1424 1129 1463; x_wconf 84' lang='lat' dir='ltr'>die;</span> 
     </span>
     <span class='ocr_line' id='line_1_16' title="bbox 348 1480 1265 1525; baseline 0.001 -12"><span class='ocrx_word' id='word_1_91' title='bbox 348 1480 452 1513; x_wconf 88' lang='lat' dir='ltr'>Hunc</span> <span class='ocrx_word' id='word_1_92' title='bbox 472 1481 516 1513; x_wconf 88' lang='lat' dir='ltr'>ad</span> <span class='ocrx_word' id='word_1_93' title='bbox 539 1492 635 1525; x_wconf 87' lang='lat' dir='ltr'>opus</span> <span class='ocrx_word' id='word_1_94' title='bbox 658 1480 816 1513; x_wconf 66' lang='lat' dir='ltr'>&#39;Veneris</span> <span class='ocrx_word' id='word_1_95' title='bbox 839 1481 977 1513; x_wconf 88' lang='lat' dir='ltr'>ducunt</span> <span class='ocrx_word' id='word_1_96' title='bbox 998 1492 1126 1513; x_wconf 87' lang='lat' dir='ltr'>omnes</span> <span class='ocrx_word' id='word_1_97' title='bbox 1150 1481 1265 1514; x_wconf 84' lang='lat' dir='ltr'>viae¹.</span> 
     </span>
    </p>
   </div>
   <div class='ocr_carea' id='block_1_7' title="bbox 85 1586 1576 1956">
    <p class='ocr_par' dir='ltr' id='par_1_7' title="bbox 85 1586 1576 1956">
     <span class='ocr_line' id='line_1_17' title="bbox 92 1586 1576 1643; baseline 0.001 -16"><span class='ocrx_word' id='word_1_98' title='bbox 92 1587 315 1643; x_wconf 77' lang='lat' dir='ltr'>Confessio</span> <span class='ocrx_word' id='word_1_99' title='bbox 352 1586 506 1628; x_wconf 78' lang='lat' dir='ltr'>Goliae</span> <span class='ocrx_word' id='word_1_100' title='bbox 541 1587 651 1627; x_wconf 90' lang='lat' dir='ltr'>nihil</span> <span class='ocrx_word' id='word_1_101' title='bbox 687 1586 805 1627; x_wconf 90' lang='lat' dir='ltr'>aliud</span> <span class='ocrx_word' id='word_1_102' title='bbox 844 1596 908 1627; x_wconf 85' lang='lat' dir='ltr'>est</span> <span class='ocrx_word' id='word_1_103' title='bbox 939 1603 1067 1643; x_wconf 86' lang='lat' dir='ltr'>quam</span> <span class='ocrx_word' id='word_1_104' title='bbox 1105 1588 1385 1643; x_wconf 79' lang='lat' dir='ltr'>ingeniosum</span> <span class='ocrx_word' id='word_1_105' title='bbox 1427 1587 1576 1628; x_wconf 93' lang='lat' dir='ltr'>solilo-</span> 
     </span>
     <span class='ocr_line' id='line_1_18' title="bbox 89 1663 1575 1722; baseline 0.001 -19"><span class='ocrx_word' id='word_1_106' title='bbox 89 1663 256 1720; x_wconf 90' lang='lat' dir='ltr'>quium,</span> <span class='ocrx_word' id='word_1_107' title='bbox 288 1679 443 1721; x_wconf 86' lang='lat' dir='ltr'>poema</span> <span class='ocrx_word' id='word_1_108' title='bbox 471 1672 613 1704; x_wconf 85' lang='lat' dir='ltr'>autem</span> <span class='ocrx_word' id='word_1_109' title='bbox 641 1664 693 1704; x_wconf 79' lang='lat' dir='ltr'>de</span> <span class='ocrx_word' id='word_1_110' title='bbox 723 1664 918 1722; x_wconf 74' lang='lat' dir='ltr'>Conjage</span> <span class='ocrx_word' id='word_1_111' title='bbox 945 1680 1031 1705; x_wconf 83' lang='lat' dir='ltr'>non</span> <span class='ocrx_word' id='word_1_112' title='bbox 1057 1666 1257 1705; x_wconf 76' lang='lat' dir='ltr'>ducenda</span> <span class='ocrx_word' id='word_1_113' title='bbox 1288 1673 1354 1706; x_wconf 83' lang='lat' dir='ltr'>est</span> <span class='ocrx_word' id='word_1_114' title='bbox 1384 1665 1575 1706; x_wconf 87' lang='lat' dir='ltr'>comicus</span> 
     </span>
     <span class='ocr_line' id='line_1_19' title="bbox 87 1740 1575 1798; baseline 0.001 -17"><span class='ocrx_word' id='word_1_115' title='bbox 87 1740 304 1798; x_wconf 69' lang='lat' dir='ltr'>dialogus</span> <span class='ocrx_word' id='word_1_116' title='bbox 348 1742 420 1783; x_wconf 90' lang='lat' dir='ltr'>W.</span> <span class='ocrx_word' id='word_1_117' title='bbox 465 1741 669 1798; x_wconf 86' lang='lat' dir='ltr'>Mappius</span> <span class='ocrx_word' id='word_1_118' title='bbox 712 1750 802 1782; x_wconf 87' lang='lat' dir='ltr'>tres</span> <span class='ocrx_word' id='word_1_119' title='bbox 843 1750 1039 1783; x_wconf 81' lang='lat' dir='ltr'>oratores</span> <span class='ocrx_word' id='word_1_120' title='bbox 1084 1741 1252 1783; x_wconf 84' lang='lat' dir='ltr'>inducit</span> <span class='ocrx_word' id='word_1_121' title='bbox 1297 1742 1436 1783; x_wconf 90' lang='lat' dir='ltr'>amico</span> <span class='ocrx_word' id='word_1_122' title='bbox 1483 1743 1575 1783; x_wconf 90' lang='lat' dir='ltr'>cui-</span> 
     </span>
     <span class='ocr_line' id='line_1_20' title="bbox 85 1817 1576 1877; baseline 0.001 -19"><span class='ocrx_word' id='word_1_123' title='bbox 85 1817 183 1858; x_wconf 89' lang='lat' dir='ltr'>dam</span> <span class='ocrx_word' id='word_1_124' title='bbox 225 1817 460 1859; x_wconf 87' lang='lat' dir='ltr'>suadentes</span> <span class='ocrx_word' id='word_1_125' title='bbox 497 1833 550 1858; x_wconf 91' lang='lat' dir='ltr'>ne</span> <span class='ocrx_word' id='word_1_126' title='bbox 588 1819 823 1877; x_wconf 82' lang='lat' dir='ltr'>conjugem</span> <span class='ocrx_word' id='word_1_127' title='bbox 861 1818 1006 1867; x_wconf 85' lang='lat' dir='ltr'>ducat,</span> <span class='ocrx_word' id='word_1_128' title='bbox 1048 1835 1232 1876; x_wconf 89' lang='lat' dir='ltr'>quorum</span> <span class='ocrx_word' id='word_1_129' title='bbox 1268 1820 1310 1860; x_wconf 91' lang='lat' dir='ltr'>in</span> <span class='ocrx_word' id='word_1_130' title='bbox 1344 1835 1418 1860; x_wconf 89' lang='lat' dir='ltr'>ore</span> <span class='ocrx_word' id='word_1_131' title='bbox 1450 1819 1576 1876; x_wconf 82' lang='lat' dir='ltr'>ponit</span> 
     </span>
     <span class='ocr_line' id='line_1_21' title="bbox 87 1894 1571 1956; baseline 0.001 -22"><span class='ocrx_word' id='word_1_132' title='bbox 87 1894 371 1936; x_wconf 85' lang='lat' dir='ltr'>incredibiles</span> <span class='ocrx_word' id='word_1_133' title='bbox 408 1894 716 1935; x_wconf 84' lang='lat' dir='ltr'>scurrilitates.</span> <span class='ocrx_word' id='word_1_134' title='bbox 752 1895 927 1936; x_wconf 87' lang='lat' dir='ltr'>Primus</span> <span class='ocrx_word' id='word_1_135' title='bbox 968 1896 1007 1936; x_wconf 92' lang='lat' dir='ltr'>ei</span> <span class='ocrx_word' id='word_1_136' title='bbox 1042 1904 1258 1937; x_wconf 87' lang='lat' dir='ltr'>monstrat</span> <span class='ocrx_word' id='word_1_137' title='bbox 1301 1896 1571 1956; x_wconf 85' lang='lat' dir='ltr'>conjugium,</span> 
     </span>
    </p>
   </div>
   <div class='ocr_carea' id='block_1_8' title="bbox 341 2007 1028 2052">
    <p class='ocr_par' dir='ltr' id='par_1_8' title="bbox 341 2007 1028 2052">
     <span class='ocr_line' id='line_1_22' title="bbox 341 2007 1028 2052; baseline 0.003 -12"><span class='ocrx_word' id='word_1_138' title='bbox 341 2007 373 2040; x_wconf 91' lang='lat' dir='ltr'>A</span> <span class='ocrx_word' id='word_1_139' title='bbox 389 2007 494 2052; x_wconf 88' lang='lat' dir='ltr'>cujus</span> <span class='ocrx_word' id='word_1_140' title='bbox 517 2019 630 2042; x_wconf 86' lang='lat' dir='ltr'>onere</span> <span class='ocrx_word' id='word_1_141' title='bbox 653 2019 755 2041; x_wconf 85' lang='lat' dir='ltr'>mors</span> <span class='ocrx_word' id='word_1_142' title='bbox 776 2008 856 2041; x_wconf 87' lang='lat' dir='ltr'>sola</span> <span class='ocrx_word' id='word_1_143' title='bbox 877 2008 1028 2052; x_wconf 81' lang='lat' dir='ltr'>liberat,</span> 
     </span>
    </p>
   </div>
   <div class='ocr_carea' id='block_1_9' title="bbox 73 2113 1563 2526">
    <p class='ocr_par' dir='ltr' id='par_1_9' title="bbox 73 2113 1563 2526">
     <span class='ocr_line' id='line_1_23' title="bbox 79 2113 1388 2173; baseline 0.002 -18"><span class='ocrx_word' id='word_1_144' title='bbox 79 2113 271 2155; x_wconf 86' lang='lat' dir='ltr'>adimere</span> <span class='ocrx_word' id='word_1_145' title='bbox 295 2115 388 2155; x_wconf 87' lang='lat' dir='ltr'>viro</span> <span class='ocrx_word' id='word_1_146' title='bbox 417 2130 591 2156; x_wconf 90' lang='lat' dir='ltr'>omnem</span> <span class='ocrx_word' id='word_1_147' title='bbox 614 2114 863 2156; x_wconf 83' lang='lat' dir='ltr'>libertatem</span> <span class='ocrx_word' id='word_1_148' title='bbox 884 2131 1148 2173; x_wconf 87' lang='lat' dir='ltr'>omnemque</span> <span class='ocrx_word' id='word_1_149' title='bbox 1177 2117 1388 2173; x_wconf 83' lang='lat' dir='ltr'>requiem.</span> 
     </span>
     <span class='ocr_line' id='line_1_24' title="bbox 137 2191 1283 2249; baseline 0.002 -17"><span class='ocrx_word' id='word_1_150' title='bbox 137 2191 207 2232; x_wconf 86' lang='lat' dir='ltr'>Fit</span> <span class='ocrx_word' id='word_1_151' title='bbox 229 2192 377 2232; x_wconf 89' lang='lat' dir='ltr'>uxoris</span> <span class='ocrx_word' id='word_1_152' title='bbox 406 2209 426 2230; x_wconf 85' lang='lat'>«</span> <span class='ocrx_word' id='word_1_153' title='bbox 460 2207 609 2233; x_wconf 85' lang='lat' dir='ltr'>servus</span> <span class='ocrx_word' id='word_1_154' title='bbox 635 2209 674 2241; x_wconf 88' lang='lat'>»,</span> <span class='ocrx_word' id='word_1_155' title='bbox 700 2191 788 2233; x_wconf 90' lang='lat' dir='ltr'>imo</span> <span class='ocrx_word' id='word_1_156' title='bbox 811 2193 1070 2249; x_wconf 83' lang='lat' dir='ltr'>pejusquam</span> <span class='ocrx_word' id='word_1_157' title='bbox 1093 2208 1243 2234; x_wconf 88' lang='lat' dir='ltr'>servus</span> <span class='ocrx_word' id='word_1_158' title='bbox 1276 2209 1283 2234; x_wconf 93' lang='lat'>:</span> 
     </span>
     <span class='ocr_line' id='line_1_25' title="bbox 338 2303 1120 2350; baseline 0.004 -15"><span class='ocrx_word' id='word_1_159' title='bbox 338 2303 424 2349; x_wconf 85' lang='lat' dir='ltr'>Ipse</span> <span class='ocrx_word' id='word_1_160' title='bbox 443 2311 501 2338; x_wconf 86' lang='lat' dir='ltr'>est</span> <span class='ocrx_word' id='word_1_161' title='bbox 524 2305 652 2337; x_wconf 85' lang='lat' dir='ltr'>asinus</span> <span class='ocrx_word' id='word_1_162' title='bbox 674 2316 784 2350; x_wconf 88' lang='lat' dir='ltr'>quem</span> <span class='ocrx_word' id='word_1_163' title='bbox 807 2316 912 2338; x_wconf 88' lang='lat' dir='ltr'>amor</span> <span class='ocrx_word' id='word_1_164' title='bbox 939 2305 1120 2344; x_wconf 82' lang='lat' dir='ltr'>stimulat,</span> 
     </span>
     <span class='ocr_line' id='line_1_26' title="bbox 338 2360 1095 2406; baseline 0.003 -13"><span class='ocrx_word' id='word_1_165' title='bbox 338 2360 388 2393; x_wconf 89' lang='lat' dir='ltr'>Ut</span> <span class='ocrx_word' id='word_1_166' title='bbox 409 2367 540 2405; x_wconf 88' lang='lat' dir='ltr'>pascat</span> <span class='ocrx_word' id='word_1_167' title='bbox 562 2361 664 2394; x_wconf 87' lang='lat' dir='ltr'>filios</span> <span class='ocrx_word' id='word_1_168' title='bbox 687 2372 782 2406; x_wconf 86' lang='lat' dir='ltr'>quos</span> <span class='ocrx_word' id='word_1_169' title='bbox 806 2361 887 2406; x_wconf 84' lang='lat' dir='ltr'>ipsa</span> <span class='ocrx_word' id='word_1_170' title='bbox 909 2360 1053 2406; x_wconf 79' lang='lat' dir='ltr'>bajulat</span> <span class='ocrx_word' id='word_1_171' title='bbox 1070 2367 1095 2396; x_wconf 71' lang='lat'>².</span> 
     </span>
     <span class='ocr_line' id='line_1_27' title="bbox 73 2466 1563 2526; baseline 0.001 -18"><span class='ocrx_word' id='word_1_172' title='bbox 73 2466 305 2508; x_wconf 88' lang='lat' dir='ltr'>Secundus</span> <span class='ocrx_word' id='word_1_173' title='bbox 343 2467 600 2509; x_wconf 87' lang='lat' dir='ltr'>immoratur</span> <span class='ocrx_word' id='word_1_174' title='bbox 635 2468 677 2508; x_wconf 94' lang='lat' dir='ltr'>in</span> <span class='ocrx_word' id='word_1_175' title='bbox 707 2467 946 2525; x_wconf 82' lang='lat' dir='ltr'>pingendis</span> <span class='ocrx_word' id='word_1_176' title='bbox 978 2468 1185 2510; x_wconf 84' lang='lat' dir='ltr'>versutiis</span> <span class='ocrx_word' id='word_1_177' title='bbox 1215 2469 1418 2523; x_wconf 81' lang='lat' dir='ltr'>feminae,</span> <span class='ocrx_word' id='word_1_178' title='bbox 1452 2485 1563 2526; x_wconf 88' lang='lat' dir='ltr'>quae</span> 
     </span>
    </p>
   </div>
   <div class='ocr_carea' id='block_1_10' title="bbox 70 2542 1562 2664">
    <p class='ocr_par' dir='ltr' id='par_1_10' title="bbox 70 2542 1562 2664">
     <span class='ocr_line' id='line_1_28' title="bbox 70 2542 1559 2603; baseline 0.003 -20"><span class='ocrx_word' id='word_1_179' title='bbox 70 2542 331 2584; x_wconf 85' lang='lat' dir='ltr'>insidiarum</span> <span class='ocrx_word' id='word_1_180' title='bbox 374 2552 463 2584; x_wconf 87' lang='lat' dir='ltr'>arte</span> <span class='ocrx_word' id='word_1_181' title='bbox 505 2544 766 2602; x_wconf 84' lang='lat' dir='ltr'>praepollet,</span> <span class='ocrx_word' id='word_1_182' title='bbox 806 2553 935 2602; x_wconf 85' lang='lat' dir='ltr'>atque</span> <span class='ocrx_word' id='word_1_183' title='bbox 984 2545 1164 2586; x_wconf 90' lang='lat' dir='ltr'>minima</span> <span class='ocrx_word' id='word_1_184' title='bbox 1210 2554 1357 2603; x_wconf 82' lang='lat' dir='ltr'>optata</span> <span class='ocrx_word' id='word_1_185' title='bbox 1392 2554 1559 2587; x_wconf 88' lang='lat' dir='ltr'>mutare</span> 
     </span>
     <span class='ocr_line' id='line_1_29' title="bbox 74 2619 1562 2664; baseline 0.003 -4"><span class='ocrx_word' id='word_1_186' title='bbox 74 2619 156 2660; x_wconf 87' lang='lat' dir='ltr'>scit</span> <span class='ocrx_word' id='word_1_187' title='bbox 201 2620 245 2660; x_wconf 90' lang='lat' dir='ltr'>in</span> <span class='ocrx_word' id='word_1_188' title='bbox 299 2620 591 2662; x_wconf 84' lang='lat' dir='ltr'>firmissimam</span> <span class='ocrx_word' id='word_1_189' title='bbox 633 2621 920 2663; x_wconf 84' lang='lat' dir='ltr'>voluntatem.</span> <span class='ocrx_word' id='word_1_190' title='bbox 965 2623 1026 2664; x_wconf 86' lang='lat' dir='ltr'>Ita</span> <span class='ocrx_word' id='word_1_191' title='bbox 1067 2628 1145 2664; x_wconf 69' lang='grc' dir='ltr'>Χιιο</span> <span class='ocrx_word' id='word_1_192' title='bbox 1194 2623 1368 2664; x_wconf 88' lang='lat' dir='ltr'>saeculo</span> <span class='ocrx_word' id='word_1_193' title='bbox 1413 2632 1562 2664; x_wconf 84' lang='lat' dir='ltr'>tenera</span> 
     </span>
    </p>
   </div>
   <div class='ocr_carea' id='block_1_11' title="bbox 109 2750 465 2838">
    <p class='ocr_par' dir='ltr' id='par_1_11' title="bbox 109 2750 465 2838">
     <span class='ocr_line' id='line_1_30' title="bbox 111 2750 465 2790; baseline 0.006 -11"><span class='ocrx_word' id='word_1_194' title='bbox 111 2750 140 2781; x_wconf 85' lang='lat'>1.</span> <span class='ocrx_word' id='word_1_195' title='bbox 159 2752 334 2787; x_wconf 71' lang='grc' dir='ltr'><em>Ροεηιαία,</em></span> <span class='ocrx_word' id='word_1_196' title='bbox 360 2760 394 2790; x_wconf 89' lang='lat' dir='ltr'>p.</span> <span class='ocrx_word' id='word_1_197' title='bbox 414 2752 465 2781; x_wconf 88' lang='lat'>73.</span> 
     </span>
     <span class='ocr_line' id='line_1_31' title="bbox 109 2797 384 2838; baseline 0.004 -12"><span class='ocrx_word' id='word_1_198' title='bbox 109 2798 139 2828; x_wconf 80' lang='lat'>2.</span> <span class='ocrx_word' id='word_1_199' title='bbox 165 2797 252 2835; x_wconf 81' lang='lat' dir='ltr'>lbid,</span> <span class='ocrx_word' id='word_1_200' title='bbox 278 2808 312 2838; x_wconf 91' lang='lat' dir='ltr'>p.</span> <span class='ocrx_word' id='word_1_201' title='bbox 335 2799 384 2827; x_wconf 82' lang='lat'>79.</span> 
     </span>
    </p>
   </div>
  </div>
 </body>
</html>
