1873 3329
395 312 696 338 FABULOSARUM
733 311 1036 338 NARRATIONUM
1072 312 1271 337 Scnlr‘ron
1281 313 1301 337 i:
1541 309 1596 339 121

158 399 211 432 De
232 398 364 442 Nugas,
397 399 476 431 fore
506 405 542 431 ut
572 399 716 443 pati-ius
747 410 872 430 sermo
902 396 1007 429 brevi
1039 396 1216 439 gentibus
1251 397 1455 432 illucescat.
1484 399 1523 431 In
1554 411 1597 432 eo

157 461 338 499 apparent
360 454 538 499 propriae
560 454 694 497 anglici
718 453 855 496 ingenii
879 460 1000 488 notae.
1020 453 1176 486 etdotes
1199 453 1337 498 quibus
1360 455 1471 488 enitet
1495 455 1599 488 Wal-

157 510 275 543 terius
306 517 343 543 ut
380 510 590 543 fabularum
625 510 804 554 scriptor,
837 510 871 541 in
895 509 1093 542 clariorem
1116 508 1236 542 lucem
1265 510 1523 555 proferuntur.
1554 531 1598 535 —

156 564 343 598 Omnibus
377 566 516 599 fabulis
548 567 592 598 de
620 565 843 598 mulieribus
865 572 1003 610 quanta
1026 565 1082 597 vis
1111 565 1259 609 poetica
1288 565 1394 604 insit;
1421 573 1596 611 quantum

155 629 428 656 commoveant.

107 679 125 722 ἓ
145 677 187 710 V.
212 697 256 702 —
276 678 369 710 Cum
387 678 597 711 walterius
620 678 667 710 sit
692 683 868 710 narrator
883 676 1095 710 fabularum
1119 677 1357 722 ingeniosus
1376 686 1597 723 possuntne

156 733 211 766 illi
227 733 343 767 tribui
360 746 430 767 uua
444 733 648 778 autplures
661 745 679 765 e
697 733 834 765 fabulis
855 734 900 765 de
919 732 1063 766 Tabula
1080 733 1278 767 Rotunda?
1298 735 1332 765 lo
1352 735 1499 774 Quanta
1517 735 1598 768 luce

157 789 248 822 hanc
262 790 520 835 quaestionem
534 789 806 822 illustretliber
817 790 868 822 De
879 789 1270 834 NugiS.—Quae11an1
1288 790 1374 828 sint,
1387 791 1598 824 aestimanti

158 855 217 876 res
249 843 283 875 in
315 843 546 880 universum,
572 849 791 886 argumenta
820 843 864 875 ad
896 842 1134 887 probandum
1162 849 1198 876 et
1222 843 1267 875 ad
1298 844 1600 888 negandum?—

157 900 194 931 20
216 899 447 943 Argumenta
474 909 517 931 ex
538 898 713 936 historia,
735 910 778 931 ex
799 898 938 932 litteris
962 905 1131 943 sumpta3
1152 898 1363 944 aequalium
1386 900 1599 934 testimonia

157 967 175 988 e
213 954 352 1000 quibus
385 955 466 988 erui
496 955 633 999 possit,
660 966 731 988 non
761 955 913 999 quidem
942 955 1119 999 Magnum
1149 957 1326 988 Sanctum
1352 955 1531 989 Graalum
1563 962 1600 989 et

160 1010 444 1057 [aquisitionem
477 1009 523 1044 de
558 1012 694 1043 Sancto
718 1009 856 1044 Graalo
892 1023 910 1043 a
941 1010 1095 1055 Mappio
1122 1011 1286 1049 condita,
1309 1012 1373 1044 sed
1406 1012 1598 1045 materiam

157 1067 203 1100 ab
230 1078 274 1100 eo
303 1073 473 1111 paratam
500 1066 631 1100 fuisse.
663 1086 708 1091 ——
735 1067 930 1107 Quaedam
962 1067 1210 1111 objiciuntur.
1235 1086 1280 1092 ——
1311 1067 1526 1102 Conclusio.
1555 1088 1600 1093 —

155 1124 194 1155 30
216 1122 395 1167 Ejusdem
425 1123 575 1168 generis
606 1130 827 1167 argumenta
857 1130 891 1156 et
921 1123 1136 1156 testimonia
1164 1123 1262 1156 idem
1293 1123 1471 1168 probant,
1497 1125 1597 1168 quod

156 1179 286 1212 attinet
308 1179 352 1212 ad
380 1178 638 1213 Lancellotum
661 1180 705 1212 de
729 1178 843 1213 Lacu.
866 1199 912 1204 -—
928 1179 1146 1213 Conclusio.
1163 1199 1207 1204 —
1224 1179 1277 1212 De
1297 1180 1465 1224 propriis
1488 1180 1599 1225 hujus

153 1235 244 1268 libri
266 1235 379 1269 notis.

846 1375 862 1415 Ι

169 1478 263 1518 Non
286 1477 464 1535 quidem
488 1486 810 1519 consenserunt
828 1486 1044 1528 auctores,
1064 1486 1158 1519 orta
1175 1479 1433 1535 quaestione
1454 1487 1599 1520 utrum

111 1553 286 1594 satirica
321 1554 530 1604 carmina,
567 1570 589 1594 a
620 1553 821 1610 pluribus
857 1552 1042 1594 saeculis
1070 1553 1275 1596 walterii
1300 1554 1467 1611 Mappii
1491 1571 1600 1612 opus

110 1629 274 1678 habita,
292 1646 391 1671 vere
404 1629 522 1671 illius
536 1639 698 1679 essent,
715 1639 860 1671 utrum
874 1629 1004 1672 etiam
1019 1630 1340 1672 sibivindicare
1354 1631 1493 1688 possit
1507 1647 1602 1688 par-

109 1715 198 1747 tem
215 1707 406 1764 aliquam
420 1707 718 1748 fabulosarum
736 1707 1035 1748 narrationum
1055 1707 1143 1747 «de
1161 1707 1543 1749 TabulaRotunda
1559 1726 1597 1756 »,

112 1783 206 1835 sed,
235 1800 287 1825 ex
308 1784 502 1825 omnium
527 1784 760 1832 sententia,
792 1784 904 1826 liber
925 1785 994 1825 cui
1022 1784 1178 1826 titulus
1197 1785 1262 1825 De
1282 1785 1424 1842 Nugis
1451 1788 1600 1826 euria-

109 1861 231 1909 lium,
263 1869 353 1902 tum
389 1861 483 1902 sine
517 1861 652 1902 dubio
680 1878 701 1902 a
730 1861 945 1905 walterio
974 1861 1164 1918 scriptus
1194 1869 1259 1902 est
1288 1862 1313 1910 ¹,
1345 1870 1437 1902 tum
1466 1861 1602 1903 docu-

110 1946 255 1979 menta
294 1938 477 1994 praebet
513 1937 643 1989 unde,
684 1946 726 1979 et
766 1940 889 1995 cujus
935 1946 1050 1979 esset
1080 1938 1268 1995 ingenii,
1308 1947 1350 1980 et
1391 1947 1599 1996 quantum

151 2056 180 2086 1.
209 2055 254 2086 De
278 2060 418 2086 auctore
446 2055 549 2086 unius
573 2060 708 2086 tantum
738 2066 755 2086 e
785 2055 935 2087 diversis
963 2056 1045 2085 libri
1072 2056 1233 2096 partibus
1262 2057 1501 2087 controversia
1526 2061 1602 2087 orta

109 2108 173 2134 est.
203 2102 357 2144 Epistola
387 2103 435 2133 ad
474 2103 640 2134 Valerium
676 2103 717 2133 de
752 2103 895 2145 conjuge
921 2114 987 2133 non
1023 2103 1179 2133 ducenda
1214 2103 1326 2142 (initio
1365 2104 1603 2144 praecedentis

109 2150 236 2191 capitis
263 2149 461 2181 notavimus
492 2161 597 2191 quam
631 2151 766 2180 famosa
796 2155 829 2181 et
853 2161 958 2191 quam
982 2150 1041 2180 diu
1072 2150 1190 2191 suerit)
1217 2161 1236 2180 a
1266 2151 1450 2181 Francisco
1480 2151 1602 2182 Miehel

110 2197 248 2228 Valerio
269 2197 417 2227 Maximo
441 2198 622 2238 adscripta
644 2203 708 2234 est,
729 2198 789 2228 sed
814 2202 959 2238 propter
983 2197 1120 2228 dicendi
1141 2199 1299 2233 formam,
1322 2203 1420 2238 patet
1444 2198 1503 2228 isti
1532 2199 1604 2239 opi-

112 2244 205 2275 nioni
238 2244 373 2275 nullum
400 2255 476 2275 esse
504 2246 779 2276 fundamentum.
816 2246 854 2275 ln
887 2244 1085 2287 Patrologia
1118 2244 1240 2283 latina,
1274 2245 1388 2286 Migne
1415 2245 1449 2276 S.
1487 2246 1604 2276 Hiero-

111 2302 253 2333 nymum
275 2296 453 2322 auctorem
473 2303 548 2323 esse
568 2292 673 2333 hujus
694 2292 864 2333 epistolae
887 2292 1027 2331 asserit,
1054 2292 1113 2322 sed
1144 2293 1246 2323 aliter
1270 2292 1483 2333 Hieronymi,
1503 2294 1605 2324 aliter

111 2339 243 2380 Mappii
263 2339 394 2379 scripta
411 2344 547 2370 sonant.
570 2340 686 2379 Skeat,
711 2340 743 2369 in
764 2340 914 2382 Legends
935 2339 1082 2380 osgood
1103 2341 1246 2376 Women,
1269 2350 1304 2380 p.
1327 2340 1402 2375 140;
1427 2340 1603 2380 Lauglois,

111 2387 145 2417 in
165 2386 293 2417 celebri
315 2385 559 2426 disquisitione
578 2388 626 2416 De
645 2387 783 2429 Origine
810 2391 842 2417 ει
870 2387 1022 2427 fontibus
1048 2386 1143 2417 Libri
1171 2387 1213 2416 de
1238 2389 1328 2417 Rosa
1358 2387 1453 2423 dicti,
1477 2398 1511 2427 p.
1532 2388 1602 2427 140,

110 2445 184 2464 rem
207 2434 241 2463 in
269 2433 382 2464 medio
410 2433 620 2474 relinquunt.
647 2435 716 2465 Sed
743 2438 876 2471 contra,
905 2434 1060 2474 Wrigffl,
1085 2434 1215 2464 Brunet
1242 2434 1276 2464 in
1302 2434 1539 2475 disputatione
1561 2435 1603 2466 de

110 2481 244 2522 origine
268 2480 478 2511 narrationis
503 2482 568 2518 LV,
595 2482 688 2522 apud
719 2481 901 2512 Violarium
929 2481 1150 2511 historiarum
1176 2484 1403 2512 Romanarum
1431 2482 1602 2521 (Parisiis,

110 2529 217 2569 1858),
237 2528 277 2559 G.
303 2527 414 2567 Paris,
431 2528 465 2558 in
488 2528 666 2567 Romania,
687 2529 770 2569 XIX,
796 2540 830 2570 p.
849 2529 922 2568 624,
937 2529 1117 2559 traditioni
1143 2528 1406 2565 consentientes,
1426 2528 1602 2569 Mappium

109 2586 185 2606 esse
209 2580 385 2606 auctorem
411 2576 580 2616 epistolae
613 2577 803 2607 affirmant.
826 2576 928 2607 Nulla
951 2577 1022 2607 alia
1052 2577 1145 2606 valet
1171 2576 1301 2617 opinio,
1332 2581 1451 2606 nostra
1479 2576 1603 2606 saltem

110 2623 292 2659 sententia,
322 2623 350 2653 si
380 2623 482 2653 modo
509 2623 552 2653 ad
583 2634 621 2654 ea
658 2623 870 2654 attendimus
906 2634 994 2664 quae
1027 2624 1189 2664 Mappius
1221 2624 1308 2663 ipse,
1337 2623 1370 2653 in
1405 2634 1465 2653 suo
1501 2623 1602 2658 libro.

108 2671 284 2711 expressis
305 2670 421 2701 verbis
442 2671 604 2701 asseruit.
621 2671 691 2701 Hoc
706 2671 835 2702 habent
854 2671 925 2702 veri
945 2671 1140 2701 contrariae
1160 2671 1493 2710 argumentationes,
1513 2671 1603 2711 quod

108 2717 295 2748 Walterius
320 2717 483 2758 Mappius
513 2719 661 2748 sortasse
687 2718 886 2759 desumpsit
917 2718 1087 2758 epistolae
1114 2718 1297 2748 materiam
1325 2729 1341 2748 e
1364 2718 1454 2747 libro
1478 2718 1551 2758 qui,
1575 2717 1603 2747 si

107 2765 231 2796 Joanni
254 2764 501 2795 Saresburensi
526 2765 664 2795 credere
688 2767 739 2795 fas
757 2770 823 2803 est,
841 2776 860 2796 a
882 2766 916 2797 S.
941 2766 1149 2806 Hieronymo
1171 2770 1316 2795 vocatur
1336 2764 1501 2795 Aureolus
1522 2764 1606 2794 liber

109 2811 152 2841 de
172 2812 310 2853 nuptiis.
337 2830 374 2835 —
403 2826 415 2837 ι
440 2812 559 2850 Fatur,
588 2816 730 2842 auctore
752 2812 973 2852 Hieronymo,
1003 2812 1238 2852 Theophrasti
1259 2812 1422 2842 aureolus
1450 2811 1538 2842 liber
1563 2812 1604 2842 de

108 2859 253 2900 nuptiis,
280 2859 313 2889 in
335 2870 402 2900 quo
427 2858 564 2899 quaerit
585 2869 628 2888 an
650 2858 704 2889 vir
725 2859 866 2899 sapiens
888 2859 992 2890 ducat
1016 2870 1169 2890 uxorem.
1192 2874 1203 2884 »ι
