1873 3329
128 17 139 28 ,
166 0 263 31 ρῖψ
1142 0 1873 5 ⁷7j⁷——

0 0 170 154 W

0 164 5 175 ι

562 309 612 334 DE
645 310 856 336 WALTEnn
893 310 1036 336 MAPrn
1070 310 1167 335 VITA
1567 308 1606 335 65

117 393 269 436 Fontis
291 393 534 451 Bellaquei.
555 394 746 451 Opiliccs
769 404 912 435 autem
937 394 1261 435 inadvertcntes
1277 410 1423 434 muros
1447 394 1607 435 ducem·

116 478 357 527 coeperunt
409 471 451 510 in
495 486 603 526 agro
636 471 709 528 qui
750 486 835 511 non
878 471 994 528 regis
1033 471 1109 511 sed
1141 470 1290 527 pusilli
1321 471 1485 511 domini
1517 481 1607 512 erat

117 547 240 603 cujus
269 547 415 587 statim
455 547 730 604 querimonia
768 548 1013 604 personuit.
1065 548 1330 596 Ludovicus,
1383 548 1606 603 negotium

115 623 201 664 sibi
225 624 490 669 attribuens,
517 642 537 662 «
565 624 699 680 jussit
728 623 880 664 domos
909 624 1055 680 dejici,
1085 640 1320 681 murosque
1344 624 1468 671 solvi,
1500 624 1609 665 tanti

116 699 281 740 faciens
321 700 544 757 querelam
587 699 799 741 modicam
840 709 885 741 ut
924 700 1062 757 magis
1104 717 1123 740 a
1157 700 1357 757 pluribus
1399 700 1609 741 fatuitatis

114 785 378 834 argueretur
392 793 520 834 quam
545 793 597 817 ex
620 776 922 818 misericordia
942 777 1285 818 meritaslaudes
1303 778 1544 834 acciperct¹
1568 795 1605 817 ».

117 853 232 894 Haec
270 853 467 910 profecto
502 853 633 911 digna
672 854 791 911 Rege
827 854 986 913 agendi
1028 855 1138 895 ratio
1174 855 1248 911 qui
1282 870 1460 895 securus
1507 853 1610 894 dor-

117 929 281 971 miebat
309 929 450 970 media
484 930 527 970 in
564 930 697 986 sylva,
736 930 906 971 duobus
937 940 1103 972 tantum
1136 931 1450 972 comitantibus
1486 931 1611 988 equi-

116 1006 253 1057 tibus,
289 1007 454 1064 quique
500 1006 836 1065 expergefactus
875 1024 893 1048 a
936 1008 1093 1049 comite
1140 1007 1357 1049 'l'hibaldo
1398 1008 1450 1049 de
1483 1009 1610 1049 Cam-

116 1083 263 1140 pania,
282 1083 419 1124 dubio
440 1083 565 1125 valde
588 1084 727 1125 amico
754 1102 761 1125 :
790 1102 810 1123 «
836 1085 1017 1125 Dormio
1035 1100 1186 1126 secure
1204 1085 1338 1133 solus,
1358 1085 1457 1142 quia
1482 1101 1609 1126 nemo

116 1159 225 1200 mihi
249 1159 409 1200 malum
438 1160 530 1202 vult
551 1161 579 1201 ².
609 1179 629 1199 »
663 1161 885 1202 probabat
913 1169 1055 1202 autem
1079 1161 1325 1202 Ludovicus
1353 1162 1453 1202 huic
1484 1162 1611 1203 nobi-

115 1235 232 1276 litati
261 1251 534 1294 serenaeque
558 1237 758 1294 justitiae
786 1254 889 1278 suae
923 1238 1134 1295 conjungi
1162 1238 1286 1279 dotes
1312 1238 1481 1295 ingenii
1510 1239 1612 1279 sub-

114 1312 207 1353 tilis
236 1321 278 1354 et
299 1314 433 1362 acuti,
459 1330 557 1355 cum
581 1313 745 1355 diceret
767 1314 983 1356 walterio
1012 1315 1208 1372 Mappio,
1240 1315 1420 1373 regibus
1443 1316 1612 1356 cunctis

115 1389 414 1431 confratribus
446 1392 714 1432 enumeratis
751 1392 909 1448 quibus
938 1391 1164 1451 singulare
1191 1391 1360 1449 aliquid
1392 1392 1542 1433 deerat
1563 1393 1576 1413 ³
1601 1409 1608 1432 t

118 1483 140 1505 «
170 1466 388 1508 Dominus
419 1476 563 1508 autem
592 1477 709 1518 tuus,
743 1484 817 1509 rex
837 1468 1042 1528 Angliae,
1073 1470 1144 1510 cui
1169 1469 1280 1510 nihil
1303 1469 1441 1517 deest,
1472 1470 1612 1510 homi—

117 1558 213 1595 neS,
245 1559 401 1601 equos,
439 1560 593 1586 aurum
623 1553 664 1586 et
702 1546 906 1595 sericum,
937 1561 1131 1602 gemmas
1161 1555 1201 1587 et
1229 1545 1396 1587 fructus
1425 1555 1467 1587 et
1499 1546 1612 1587 feras

115 1627 160 1661 et
198 1620 344 1662 omnia
386 1621 610 1678 possidet.
650 1624 755 1674 Nos,
791 1623 833 1663 in
881 1623 1084 1671 Francia,
1122 1623 1232 1664 nihil
1277 1623 1488 1664 habemus
1529 1623 1614 1664 nisi

116 1712 273 1753 panem
298 1706 340 1738 et
360 1698 508 1739 vinum
535 1707 577 1739 et
606 1699 830 1758 gaudium.
860 1717 880 1738 »

174 1774 419 1818 Walterius
468 1776 550 1816 hoc
587 1775 735 1833 lepido
769 1777 902 1817 verbo
930 1785 1174 1818 commotus
1209 1777 1327 1834 quod
1368 1777 1483 1818 clare
1514 1793 1613 1819 nas-

117 1851 258 1892 centis
299 1852 448 1910 gentis
489 1853 683 1893 indolem
724 1853 944 1913 signabat,
985 1869 1094 1910 quae
1124 1856 1212 1911 jam
1254 1854 1339 1912 ipsi
1375 1855 1615 1912 apparebat

116 1928 242 1985 quasi
269 1929 534 1970 urbanitatis
560 1938 690 1987 typus
733 1938 774 1970 et
797 1930 1042 1971 litterarum
1073 1930 1216 1972 cultus
1246 1931 1484 1988 exemplar,
1513 1933 1572 1973 ait
1603 1949 1609 1971 :

119 2022 141 2043 «
165 2006 257 2046 Hoc
275 2006 457 2046 verbum
482 2007 652 2057 notavi3
679 2007 864 2048 comiter
887 2016 928 2047 et
951 2023 1051 2048 vere
1072 2007 1237 2048 dictum
1261 2025 1300 2049 ».
1326 2008 1510 2049 Etiamsi
1532 2009 1614 2050 hoc

116 2081 324 2124 Walterii
360 2082 591 2139 politicum
637 2099 795 2124 munus
831 2084 942 2124 nihil
990 2083 1108 2125 aliud
1147 2084 1409 2126 contulisset
1442 2094 1616 2142 praeter

117 2167 291 2216 reperta
328 2158 590 2201 documenta
631 2161 791 2217 quibus
819 2169 905 2202 tam
942 2169 1123 2202 venuste
1160 2161 1353 2219 regalem
1381 2178 1612 2218 personam

114 2234 386 2295 depingeret
426 2236 516 2277 sere
556 2237 752 2295 ignotam
790 2253 838 2278 ac
877 2237 1147 2287 derelictam,
1185 2246 1302 2279 certe
1343 2254 1420 2279 nos
1466 2238 1614 2279 felices

112 2311 346 2353 habemur.

176 2390 361 2445 Insuper
394 2405 496 2431 vero
532 2391 835 2432 existimamus
871 2392 983 2432 hanc
1022 2391 1286 2449 legationem
1329 2407 1417 2433 non
1457 2409 1610 2449 parum

116 2465 336 2523 profuisse
365 2468 643 2508 successibus
676 2469 750 2525 qui
785 2468 1055 2526 Colloqnium
1088 2469 1408 2510 Frelevccllense
1438 2470 1612 2511 suerunt

109 2542 276 2584 secuti

171 2616 400 2673 Quidquid
425 2617 468 2658 id
499 2626 581 2667 est,
606 2619 831 2660 veniamus
858 2619 911 2660 ad
932 2628 1105 2677 tempus
1130 2620 1307 2675 majoris
1335 2621 1545 2661 momenti
1569 2621 1612 2662 in

159 2769 189 2799 1.
210 2770 257 2799 De
276 2769 395 2810 Nugi3‚
418 2779 453 2809 p.
472 2769 543 2800 218.

159 2816 189 2846 2.
206 2815 308 2856 Ibid.‚
325 2827 360 2857 p.
380 2816 452 2847 216.

157 2863 191 2895 3.
212 2863 314 2901 Ιὸίᾰ.,
337 2874 371 2904 p.
397 2864 468 2894 215.
