1842 3288
195 333 253 363 1298
691 336 739 361 1)ss
774 335 996 361 WALTEMO
1032 335 1186 361 ΜΑΡΡΙΟ

196 431 303 472 erat,
348 421 401 461 ad
439 437 692 462 communes
733 421 1048 477 explicationes
1090 436 1262 477 semper
1296 436 1448 476 prona,
1492 420 1608 461 haud
1637 436 1682 461 ca

198 498 391 554 pollebat
437 498 714 555 imaginatira
766 498 828 549 vi,
880 513 960 554 qua
1012 497 1133 537 albae
1186 497 1372 554 paginae
1427 497 1687 538 inscriberet

198 575 438 631 praecisam
462 590 509 615 ac
532 574 671 615 vivide
702 590 952 631 expressam
974 573 1177 631 effigiem.

258 651 348 692 lllis
378 668 483 709 crgo
513 652 808 708 poematibus,
840 667 950 708 quae
980 651 1220 707 attigimus,
1254 651 1545 691 communiter
1573 651 1687 692 inest

203 728 349 768 nescio
381 728 486 785 quid
518 728 640 768 dubii
674 729 715 768 in
749 728 1109 785 cogitationibus,
1144 727 1292 768 neseio
1321 726 1427 783 quid
1464 727 1507 767 in
1542 728 1686 768 verbis

201 804 372 853 incerti,
411 813 592 861 propter
628 805 745 861 quod
792 805 976 845 maxime
1016 804 1087 845 illa
1128 820 1259 860 opcra
1298 804 1440 860 pretio
1474 803 1686 845 litterario

197 881 285 922 sere
314 890 477 922 carent.

257 959 399 999 Satira
421 959 642 999 Adversus
657 959 889 1014 praelatos
913 961 1066 1014 impios
1089 957 1260 999 orditur
1290 957 1489 998 alludens
1512 957 1686 998 biblicis

197 1034 339 1082 libris,
369 1043 411 1075 et
447 1050 684 1075 conserens
717 1035 912 1076 fidelium
946 1036 1244 1076 Hebraeorum
1275 1034 1398 1075 malis
1429 1034 1539 1075 mala
1573 1035 1688 1074 viro-

200 1127 294 1152 rum
342 1128 441 1152 vere
486 1111 867 1152 christianorum¹.
924 1113 1028 1152 Post
1077 1120 1319 1168 sequuntur
1364 1111 1687 1167 disputationes

202 1189 244 1229 in
279 1204 440 1246 genere
476 1188 529 1229 de
563 1188 859 1245 praelatorum
892 1189 1193 1245 corruptione,
1228 1197 1268 1228 et
1303 1187 1557 1228 dominante
1591 1203 1689 1227 ava-

200 1265 339 1316 ritiaff,
384 1274 474 1306 tum
513 1265 566 1306 de
606 1282 705 1307 vera
744 1265 910 1307 Christi
948 1265 1163 1322 religione
1200 1264 1467 1313 debilitata3,
1500 1264 1688 1321 denique

203 1342 513 1399 imploratione
547 1342 874 1384 misericordiae
907 1342 1038 1383 satira
1067 1342 1197 1383 finem
1232 1342 1378 1382 habet.
1410 1367 1465 1371 —-
1491 1340 1563 1382 Ad
1590 1340 1689 1381 des-

205 1419 442 1460 cribendos
470 1419 733 1460 clericorum
763 1420 947 1469 animos,
974 1428 1089 1460 totos
1113 1419 1290 1475 corpori
1313 1418 1530 1467 addictos,
1555 1419 1691 1458 utitur

203 1496 283 1536 hac
305 1512 404 1537 vere
430 1497 594 1537 incerta
624 1505 667 1537 et
691 1497 810 1537 inani
832 1497 1030 1537 oratione
1055 1513 1061 1535 :

462 1615 605 1647 Aurum
628 1614 757 1659 templi
776 1615 925 1659 penitus
948 1614 1120 1647 redditur
1136 1613 1358 1647 obscurum:

464 1671 596 1704 Plures
616 1671 858 1704 reaedificant
881 1670 1077 1703 Babilonis
1098 1683 1256 1709 murum,

464 1728 535 1760 Per
556 1739 653 1773 quos
677 1728 811 1761 domus
834 1727 983 1760 Domini
1004 1728 1043 1760 fit
1068 1726 1246 1771 spelunca
1268 1725 1425 1760 surumb.

261 1838 347 1878 Aut
367 1836 434 1877 his
462 1836 558 1877 aliis
580 1836 724 1877 verbis
757 1852 764 1876 :

460 1954 552 1987 Aret
573 1955 673 1987 sicea
694 1954 844 1998 penitus
864 1954 957 1987 ficus
987 1953 1132 1999 absque
1155 1952 1264 1991 flore;

467 2011 655 2043 Gedeonis
684 2010 778 2043 atria
800 2010 899 2043 dulci
919 2016 1045 2043 carent
1068 2021 1170 2048 rore;

464 2067 545 2099 Jam
563 2066 755 2111 praelatos
775 2067 901 2099 miseri
921 2066 995 2099 fata
1017 2072 1163 2099 manent
1179 2065 1289 2103 Corc,

464 2123 544 2156 Una
566 2135 609 2156 ne
631 2122 818 2156 consimili
839 2129 994 2167 pereant
1015 2122 1181 2155 dolore5.

265 2230 409 2272 Semel
435 2239 603 2271 tantum
639 2238 806 2280 auctor,
833 2229 952 2270 locos
977 2237 1019 2270 et
1047 2229 1209 2269 citatos
1239 2237 1281 2269 et
1308 2243 1562 2269 communes
1586 2227 1696 2268 obli-

205 2318 289 2359 tus,
316 2309 508 2349 breviter
531 2316 572 2349 et
599 2307 741 2348 vivide
768 2307 897 2348 nobis
920 2307 1125 2364 depingit
1158 2307 1417 2363 praelatum,
1445 2306 1517 2362 qui
1546 2305 1696 2362 paucis

206 2386 493 2427 familiaribus
516 2385 748 2426 comitatus
778 2383 1032 2425 cubiculum
1055 2384 1209 2432 intrat,
1240 2392 1280 2424 et

817 2491 911 2524 cibis
934 2490 1164 2535 crapulatus,

469 2547 575 2580 Delet
606 2548 689 2581 vino
711 2547 826 2580 veteri
849 2546 979 2592 populi
1002 2552 1128 2579 reatus
1143 2546 1168 2580 ὓ.

251 2662 280 2691 1.
298 2661 335 2690 V.
364 2661 446 2691 ‘1-15.

251 2709 280 2739 2.
302 2709 341 2738 V.
363 2708 467 2737 20-40.

248 2758 277 2786 3.
301 2756 338 2785 V.
361 2755 467 2785 tio-52.

250 2804 279 2832 4.
304 2803 341 2832 V.
360 2803 466 2832 37-40.

251 2853 281 2880 5.
306 2850 344 2880 V.
367 2850 478 2885 [ιδ-[ΔΕΗ
508 2849 542 2879 in
567 2848 703 2888 Wright
724 2848 820 2887 edit„
876 2847 1001 2877 chorae

254 2899 284 2927 6.
310 2897 347 2926 V.
365 2899 416 2927 (30.
