1873 3329
398 295 701 322 FABULOSARUM
736 297 1040 322 NARRATiosUM
1077 297 1306 322 SCRIPTORE
1540 292 1596 322 151

104 381 227 423 tatim
263 389 571 439 congesturos.
600 381 675 422 llla
705 381 902 437 exempla
932 381 1171 438 protulisse
1207 381 1411 427 sufficiat,
1444 382 1598 424 lectori

105 458 221 500 enim
270 457 539 513 parcendum
588 459 840 514 putamus¹.
893 458 981 497 Ilae
1028 466 1126 498 sunt
1177 458 1425 499 scholarum
1475 475 1599 500 exer-

103 534 351 578 citationes.
401 534 552 591 quales
606 534 649 574 in
697 534 750 574 iis
800 533 907 574 locis
956 534 1200 574 invenimus
1250 535 1323 575 ubi
1377 536 1596 592 Mappius,

106 609 343 668 indulgens
366 611 514 669 genio,
547 610 807 650 ambitiosae
837 609 1081 667 elegantiae
1110 626 1154 651 se
1191 619 1330 651 totum
1366 612 1596 668 permittit.

106 688 202 729 Non
238 687 372 728 semel
414 688 457 728 in
499 686 718 727 infelicem
757 687 992 727 verborum
1032 686 1351 728 cavillationem
1393 688 1597 738 incidit²;

107 772 181 805 aut
210 764 387 805 minime
419 763 678 805 decentibus
711 779 802 803 rem
824 763 1172 820 vulgatissimam
1205 763 1321 805 sucat
1351 765 1597 814 munditiis,

109 849 155 881 ut
185 856 280 882 cum
311 840 492 881 scribit³
522 857 530 880 :
564 859 583 879 ι(
617 839 744 889 Galo,
782 840 970 883 Veneris
1009 840 1183 882 fornace
1213 840 1437 889 decoctus,
1473 841 1602 898 pudi-

109 917 235 958 citiae
282 917 566 974 purissimum
612 917 834 974 exemplar
873 917 1046 959 enituit.
1093 935 1113 956 n
1157 918 1342 974 Saepius
1383 918 1603 959 contraria

109 995 343 1036 contrariis
365 1009 503 1051 usque
533 993 586 1034 ad
605 993 799 1034 taedium
828 994 1016 1051 opponit
1040 1011 1047 1034 :
1077 1012 1097 1033 «
1121 995 1178 1035 At
1199 995 1270 1035 ille
1293 995 1425 1035 miser
1448 995 1602 1036 ferreis

110 1071 307 1128 injicitur
344 1070 548 1119 vinculis,
586 1079 628 1111 et
663 1071 706 1110 in
744 1086 917 1111 carcere
958 1070 1174 1128 linquitur
1211 1071 1425 1112 altissimo
1466 1072 1599 1123 solus,

108 1163 220 1204 aqua
251 1148 417 1197 vinum,
462 1146 574 1188 fame
613 1147 776 1198 cibum,
817 1147 919 1188 exili
954 1148 1070 1189 victu
1110 1147 1335 1205 crapulam
1379 1148 1600 1205 plecten53

109 1224 306 1266 nuditate
352 1224 553 1281 pellices,
603 1239 760 1265 arenae
809 1224 1030 1265 redimens
1083 1225 1321 1282 asperitate
1368 1234 1603 1266 stratorum

109 1301 331 1351 mollities,
364 1301 602 1342 sobrietate
631 1309 779 1341 coacta
818 1301 1059 1357 crapulam,
1091 1317 1219 1343 cruce
1249 1302 1439 1343 carceris
1468 1302 1604 1343 thala-

110 1394 279 1420 morum
310 1377 508 1429 delicias,
548 1377 690 1419 lucem
721 1378 1008 1428 obscuritate,
1053 1394 1253 1420 moerore
1291 1378 1502 1420 laetitiam
1519 1379 1547 1420 ⁴.
1582 1397 1602 1419 »

110 1456 437 1512 Nonnunquam
466 1455 552 1506 his,
584 1470 692 1512 quae
721 1471 800 1512 per
829 1471 873 1495 se
900 1471 1001 1496 vera
1030 1464 1132 1496 sunt
1160 1464 1202 1497 et
1229 1455 1460 1513 simplicia,
1488 1457 1607 1498 simi-

110 1532 344 1573 litudinem
382 1548 434 1573 ex
466 1532 660 1588 antiquis
695 1531 855 1572 fabulis
895 1532 1172 1590 desumptam
1210 1534 1271 1574 ita
1312 1533 1517 1583 adstruit,
1560 1542 1607 1575 ut

111 1609 277 1668 legenti
312 1609 469 1667 cuique
504 1609 560 1649 sit
601 1609 854 1650 meminisse
894 1609 1020 1650 labor
1051 1619 1094 1651 et
1124 1609 1347 1651 taedium5
1388 1628 1395 1651 :
1436 1628 1456 1650 «
1494 1612 1606 1653 Vasa

111 1685 334 1743 complere
373 1694 550 1743 pertusa
592 1685 859 1737 laboramus,
898 1685 944 1727 id
984 1695 1064 1735 est,
1108 1687 1279 1728 animos
1311 1687 1602 1741 insatiabiles,

112 1778 299 1820 quorum
346 1762 609 1804 adulteravit
651 1763 834 1804 ambitio
887 1762 1086 1814 fundum,
1137 1764 1213 1821 qui
1259 1765 1443 1805 sorbent
1488 1765 1607 1822 quod

112 1839 514 1880 insunditurinstar
537 1839 800 1896 Charybdis,
839 1848 882 1881 et
903 1840 996 1881 sine
1025 1840 1319 1897 plenitudinis
1349 1842 1608 1898 apparentia

114 1932 202 1957 non
231 1924 404 1957 cessant
428 1916 609 1957 haustus
641 1916 827 1973 perdere
857 1932 991 1958 vanos
1027 1935 1067 1957 ».
1100 1917 1186 1959 Ubi
1213 1919 1420 1975 Mappius
1442 1919 1606 1960 otiosas

112 1993 244 2034 horas
291 1992 427 2041 ducit,
477 1993 553 2034 ubi
598 1993 642 2034 in
692 1993 838 2034 animo
891 1994 976 2035 sibi
1022 1994 1156 2036 fuisse
1204 2010 1253 2035 eo
1293 1995 1409 2036 libro
1450 2012 1606 2038 munus

115 2070 299 2126 implere
327 2070 545 2119 historici,
572 2085 659 2111 non
683 2079 826 2111 autem
855 2070 1015 2112 litteris
1037 2071 1175 2113 dediti
1203 2072 1285 2113 viri
1313 2072 1605 2123 obliviscitur,

115 2146 306 2188 oblectat
341 2162 385 2188 se
423 2147 632 2187 memoria
669 2147 912 2203 repetendo
947 2147 1165 2205 quidquid
1199 2148 1322 2206 legit,
1359 2149 1608 2190 conforma—

114 2224 259 2265 tiones
285 2224 605 2265 sententiarum
630 2223 878 2265 inauditas⁶
905 2233 948 2266 et
975 2225 1190 2266 antitheta
1218 2225 1500 2276 inveniendo,
1526 2226 1607 2267 fin-

114 2299 262 2358 gendo
290 2299 480 2357 denique
503 2299 752 2358 allegorias,

178 2376 265 2418 Sed
287 2391 336 2418 ea
363 2392 518 2434 parum
546 2377 758 2434 ponderis
788 2378 1016 2419 habebunt
1045 2378 1081 2420 si
1110 2379 1272 2421 librum
1301 2379 1508 2430 auctoris,
1534 2381 1610 2438 qui

115 2453 200 2494 sibi
240 2469 327 2494 non
378 2453 646 2496 mediocrem
687 2454 846 2496 latinae
887 2454 1062 2514 linguae
1110 2456 1315 2513 peritiam
1357 2458 1605 2515 arrogabat,

157 2604 186 2635 1.
209 2605 255 2633 De
273 2603 391 2644 Nugis‚
410 2614 444 2643 p.
468 2604 545 2641 167;
567 2604 628 2634 lin.
653 2605 744 2641 6-20;
767 2615 802 2646 p.
827 2605 899 2644 171,
920 2605 980 2636 lin.
1002 2606 1086 2637 8-21.

156 2651 186 2681 2.
209 2650 312 2686 Ibid.,
331 2661 366 2691 p.
388 2651 459 2686 126,
482 2650 543 2682 lin.
564 2654 583 2681 6
606 2656 639 2682 et
660 2652 710 2684 10.

158 2700 187 2729 3.
207 2697 312 2736 Ibid.,
335 2708 370 2738 p.
390 2697 460 2734 123,
482 2698 544 2730 lin.
563 2699 615 2730 21.

157 2746 188 2774 li.
207 2744 308 2780 lbid„
331 2756 365 2785 p.
389 2745 460 2780 159,
482 2744 544 2776 lin.
566 2746 617 2776 20.
640 2746 715 2776 Alia
732 2747 918 2788 exempla:
938 2759 973 2789 p.
996 2748 1066 2783 127,
1088 2748 1147 2779 lin.
1168 2748 1223 2784 15;
1252 2759 1286 2789 p.
1310 2748 1381 2787 135,
1400 2748 1460 2779 lin.
1485 2748 1536 2786 21,
1558 2749 1609 2779 26.

160 2793 190 2822 5.
212 2791 315 2828 Ibid.,
338 2802 372 2832 p.
394 2792 465 2828 240,
489 2792 551 2823 lin.
576 2794 634 2831 103
652 2803 688 2833 p.
709 2794 768 2825 238
790 2798 823 2824 et
843 2794 915 2825 239.

160 2839 191 2867 6.
211 2838 311 2876 Ιόἱά.,
335 2849 369 2879 p.
389 2839 460 2877 173,
480 2839 540 2870 lin.
565 2840 622 2878 283
646 2851 681 2880 p.
703 2841 753 2879 17,
774 2841 835 2871 lin.
858 2842 906 2873 10.
