1842 3288
207 295 266 325 190
704 299 755 324 DE
789 299 1013 324 WALTERIO
1049 299 1204 324 MAPPlo

205 386 330 435 tium,
368 384 518 441 ibique
554 384 749 440 reperias
784 378 1041 425 fabellarum
1079 384 1347 424 Gallicarum
1377 393 1419 425 et
1457 385 1697 428 fabularum

206 460 496 505 XVallensium
526 469 598 501 aut
621 461 844 502 Celtarum
869 461 1215 502 recordationes.

264 537 495 590 Quomodo
536 537 653 579 enim
694 554 781 578 non
829 553 1119 595 agnoscamus
1155 537 1323 594 ingenii
1363 537 1520 579 Gallici
1560 538 1697 581 linea-

203 622 348 654 menta
395 622 437 654 et
477 613 663 666 colores,
701 616 737 655 si
777 615 972 672 legamus
1014 615 1099 654 duo
1143 615 1212 657 W.
1250 614 1417 670 Mappii
1460 630 1608 672 opera,
1650 617 1694 657 in

202 691 361 748 quibus
409 698 559 731 auctor
607 692 861 732 memoriam
909 707 1118 732 revocans
1171 706 1385 731 annorum
1433 691 1477 731 in
1530 692 1694 734 scholis

202 775 468 817 exactorum,
507 777 580 808 aut
613 769 743 809 etiam
782 768 918 809 libros
948 768 1105 826 gallice
1141 768 1347 824 scriptos,
1389 778 1615 809 enumerat
1649 770 1692 810 in

201 843 387 901 quadam
417 844 697 885 confessione
735 861 810 885 sua
845 854 1022 902 peccata
1059 860 1248 902 suosque
1278 844 1413 884 animi
1446 845 1688 895 cruciatus3

199 930 272 962 aut
309 921 352 961 in
393 921 570 979 dialogo
613 922 846 980 singulari,
891 921 1120 963 cavillatur
1149 922 1192 962 in
1224 921 1427 972 seminas,
1464 929 1507 962 et
1540 930 1691 964 contra

201 998 457 1055 conjugium
480 999 838 1055 argumentatur?

257 1074 394 1116 Nobis
424 1075 466 1115 in
493 1075 639 1116 animo
668 1076 785 1116 haud
815 1091 918 1116 sane
947 1084 1014 1116 est
1050 1076 1156 1116 istas
1187 1075 1384 1116 inficetas
1415 1075 1563 1116 mirari
1595 1075 1690 1116 sine

200 1151 328 1192 modo
375 1151 568 1202 facetias,
612 1161 684 1192 aut
729 1152 945 1193 Gallicum
992 1151 1184 1193 afflatum
1225 1168 1401 1210 gemere
1447 1151 1686 1208 perditum.

196 1228 401 1290 Attamen
447 1244 746 1286 quascumque
788 1230 831 1269 in
871 1230 1024 1270 intima
1062 1230 1208 1287 gentis
1249 1228 1507 1286 praecordia
1547 1237 1690 1269 muta—

195 1305 339 1345 tiones
365 1306 596 1361 potuerint
614 1321 681 1346 res
705 1315 746 1347 et
768 1307 871 1347 anni
892 1306 1118 1357 inducere,
1138 1306 1317 1347 omnino
1341 1321 1429 1346 non
1451 1321 1690 1363 agnoscere

198 1382 432 1438 nequimus
473 1383 517 1422 in
562 1382 733 1424 fabellis
775 1384 881 1424 duas
929 1384 1265 1440 praecipuarum
1306 1391 1509 1423 notarum
1549 1382 1689 1423 nostri

196 1459 390 1516 generis,
414 1475 523 1516 quae
546 1468 682 1501 notae
698 1469 798 1501 sunt
821 1460 972 1501 hilaris
996 1461 1166 1500 animus
1191 1468 1232 1500 et
1254 1475 1399 1500 rerum
1422 1460 1687 1500 comicarum

196 1551 364 1576 sensus.
400 1537 571 1588 Quanta
598 1537 662 1577 vis
693 1537 858 1580 comica
894 1538 937 1578 in
968 1538 1036 1578 his
1066 1538 1138 1580 W.
1163 1536 1328 1594 Mappii
1356 1536 1583 1577 versiculis
1612 1536 1687 1593 qui

195 1613 246 1654 ad
274 1618 389 1653 XV1¹¹¹¹¹
418 1613 639 1654 saeculum
662 1614 776 1654 inter
805 1614 960 1671 pocula
983 1614 1206 1655 decantari
1230 1612 1432 1654 solebant
1463 1630 1470 1653 z

454 1714 579 1747 Meum
601 1721 658 1747 est
684 1715 929 1760 propositum
948 1715 984 1747 in
1006 1715 1162 1748 taberna
1184 1714 1280 1748 mori
1304 1727 1309 1746 :

451 1770 590 1803 Vinum
612 1771 661 1804 sit
683 1771 898 1816 appositum
919 1771 1116 1804 morientis
1139 1771 1209 1809 ori,

452 1827 500 1859 Ut
529 1827 654 1860 dicant
675 1839 757 1860 cum
780 1828 950 1860 venerint:
972 1827 1191 1871 angelorum
1214 1826 1320 1859 chori
1345 1840 1350 1858 :

454 1897 468 1915 «
496 1883 598 1916 Deus
618 1884 666 1917 sit
687 1884 878 1929 propitius
902 1884 986 1916 huic
1008 1883 1193 1929 potatori!
1220 1897 1234 1915 »

451 1957 602 1990 Poculis
625 1959 841 1991 accenditur
860 1959 971 1991 animi
992 1958 1162 1996 1ucerna;

453 2013 529 2047 Cor
551 2014 734 2047 imbutum
756 2021 906 2048 nectare
925 2014 1025 2047 volat
1041 2015 1085 2047 ad
1109 2026 1305 2059 supernos

512 2088 723 2133 Unicuique
743 2089 943 2134 proprium
963 2089 1025 2121 dat
1047 2095 1179 2121 natura
1202 2099 1335 2121 munus
1362 2101 1366 2120 :

450 2143 530 2185 Ego
553 2156 741 2189 nunquam
763 2144 870 2189 potui
890 2144 1061 2177 scribere
1082 2145 1252 2189 jejunus3

449 2200 510 2232 Me
533 2200 702 2245 jejunum
722 2201 870 2233 vincere
892 2207 1024 2245 posset
1042 2212 1136 2245 puer
1157 2213 1271 2239 unus;

450 2256 559 2289 Sitim
580 2263 616 2290 et
640 2257 823 2301 jejunium
846 2257 907 2290 odi
927 2263 1103 2302 tanquam
1125 2258 1272 2290 funus1.

229 2366 257 2397 1.
282 2368 455 2404 poemata,
485 2379 519 2407 p.
554 2370 603 2398 73.
636 2368 709 2398 Illis
747 2369 930 2399 versiculis
964 2373 1044 2409 apte
1073 2368 1281 2398 conserenda
1311 2372 1437 2405 essent,
1464 2367 1532 2397 nisi
1565 2371 1679 2398 tamen

186 2414 339 2444 taedium
368 2414 515 2444 afferant
549 2416 683 2451 lectori,
719 2416 879 2456 exempla
912 2416 1121 2456 deprompta
1153 2426 1170 2446 e
1202 2415 1345 2457 Dialogo
1375 2414 1461 2444 inter
1490 2425 1615 2455 aquam
1649 2417 1681 2444 et

187 2461 298 2491 vinum
343 2461 434 2502 quod
472 2473 559 2502 opus
598 2464 648 2494 W.
692 2463 832 2504 Mappio
870 2463 1069 2495 tribuimus.
1108 2464 1169 2493 Est
1204 2463 1296 2492 idem
1337 2463 1446 2493 fluens
1483 2472 1596 2492 sermo
1640 2472 1679 2492 ac

187 2510 334 2540 facetus,

469 2551 530 2583 Ego
544 2552 637 2585 (Aqua
654 2551 793 2585 loquitur)
813 2552 1046 2585 pulchritudinis,
1067 2561 1119 2585 ego
1140 2551 1276 2577 claritatis

470 2593 561 2617 Mater
575 2602 649 2621 sum,
671 2599 697 2618 et
715 2593 849 2617 omnihus
866 2593 955 2617 oss'ero
967 2602 1011 2618 me
1026 2593 1129 2625 gratis3

470 2634 531 2666 Ego
548 2635 639 2667 pratis
655 2635 753 2659 aufero
771 2640 879 2667 pestem
900 2635 1046 2663 siccitatis,

468 2675 598 2709 Desuper
614 2685 677 2700 cum
695 2676 804 2700 intonat
826 2676 902 2700 Deus
920 2675 1111 2710 majestatis..

468 2735 529 2767 Ego
548 2735 707 2768 sapientiae
727 2744 790 2759 sum
808 2734 963 2759 assimilata

468 2776 556 2809 Cujus
577 2776 649 2801 alma
668 2782 782 2809 pectora
798 2777 874 2801 sonte
896 2786 958 2800 suin
979 2782 1084 2809 potata.

471 2817 531 2846 Qua
551 2827 623 2851 quae
638 2818 725 2842 semel
741 2818 846 2842 fuerint
867 2818 951 2842 corda
966 2818 1144 2850 foecundata,

468 2860 531 2885 Non
552 2859 660 2893 affliget
680 2859 803 2893 amplius
820 2860 883 2884 sitis
901 2859 1010 2885 iterata.
1026 2859 1072 2893 (P.
1090 2860 1136 2889 89,
1159 2860 1216 2887 90.)
