1873 3329
728 239 959 263 CONCLUSio
1530 239 1588 265 2⁴³5»

166 326 413 382 Scriptores
457 323 516 364 illi
559 340 653 364 cuni
695 323 878 379 gallicae
920 323 1189 364 litteraturae
1227 326 1418 365 rationes
1459 335 1587 383 atqu(-

105 402 328 444 doctrinas
367 427 423 432 -—
464 402 497 441 si
539 400 714 457 quidem
750 401 801 441 sit
841 400 929 441 ulla
966 416 1016 440 ro
1046 410 1241 456 tempore
1278 401 1476 442 doctrina
1519 412 1586 443 ant

106 480 273 521 ratiom¹
309 478 450 534 aliqua
490 494 561 518 usa
597 503 653 507 —
688 477 961 533 frequentius
992 486 1220 533 usurpant,
1255 478 1299 517 {it
1330 487 1374 518 nt
1403 479 1588 534 primuni

107 556 335 597 videantur
356 555 470 611 apud
501 571 577 594 nos
602 554 689 594 nati
713 569 825 601 esse,
852 562 889 594 et
919 553 1019 594 inde
1050 553 1292 609 Anglorinn
1318 555 1592 596 silvestribus

108 632 294 673 collibus
317 649 363 672 ar
387 631 612 672 nebulosis
639 630 823 670 vallibus
853 646 997 671 mores
1032 638 1206 670 nostros
1237 639 1365 687 atque
1396 632 1593 673 instituta

110 709 326 750 intulisse.
355 708 593 750 XValtcrins
620 707 840 763 Mappins,
867 722 963 747 cnm
993 707 1301 748 Universitatis
1331 709 1595 749 parisiensis

112 786 311 827 alumnus
342 785 487 830 fucrit,
521 783 837 840 scolasticaqne
865 783 1064 824 doctrina
1095 783 1225 824 suerit
1254 783 1462 831 imbutus,
1496 786 1597 826 hine

113 872 154 904 et
181 861 389 904 Abetardi
430 860 668 901 admirator
701 861 852 907 evasit,
892 870 930 901 ct
968 860 1197 917 longarum
1235 860 1596 903 dissertationum

113 949 156 980 et
194 938 540 996 disputationum
583 937 726 977 verbis
765 938 934 995 magnis
983 938 1233 978 sonantium
1275 947 1316 978 vt
1358 939 1599 979 rhetorices

114 1016 270 1057 artium
292 1014 414 1055 valde
438 1023 625 1062 amator3
645 1029 829 1071 cunique
848 1023 998 1070 postea
1026 1015 1181 1055 vixerit
1205 1015 1246 1055 in
1271 1015 1389 1055 curia
1413 1016 1599 1072 quadam

114 1093 309 1134 moribus
332 1092 421 1132 suis
445 1091 629 1132 maxime
655 1091 830 1149 gallica,
858 1091 1043 1132 militum
1069 1092 1278 1133 societate
1301 1108 1404 1133 usus
1428 1109 1601 1150 semper

114 1171 170 1211 sit
206 1178 248 1211 et
285 1168 534 1225 praesulum
575 1169 733 1225 quibus
770 1177 870 1208 nota
904 1168 1052 1227 lingua
1090 1177 1238 1210 nostra
1274 1169 1466 1226 librique
1501 1186 1602 1226 per-

113 1246 228 1297 lecti,
255 1247 408 1287 horum
439 1245 581 1286 studia
605 1253 646 1285 ct
676 1245 767 1302 ipse
797 1245 1022 1302 amplexus
1051 1255 1131 1286 est.
1167 1248 1312 1299 Quare
1343 1247 1501 1288 saectas
1531 1256 1603 1288 aut

114 1324 263 1365 tristes
304 1322 484 1364 fabellas
524 1322 713 1363 libenter
755 1322 944 1381 legebat,
991 1323 1300 1380 allegoriarum
1336 1324 1603 1381 implicatio-

119 1401 248 1442 nibus
277 1399 551 1457 indulgebat,
585 1415 662 1440 nee
691 1399 824 1439 nimia
853 1400 1064 1457 gravitate
1089 1400 1330 1456 sapientiae
1350 1401 1600 1459 magistros,

120 1493 199 1519 nec
240 1476 579 1533 intemperantia
626 1475 868 1517 fabularum
915 1477 1321 1518 commenticiarum
1367 1479 1605 1535 scriptores

120 1569 301 1612 peccare
330 1553 620 1594 existimabat.
652 1554 739 1594 Nec
763 1553 993 1594 mirabitur
1021 1553 1180 1611 aliquis
1203 1556 1238 1595 si
1267 1555 1425 1611 legerit
1446 1556 1605 1597 librum

122 1633 214 1688 ejus
246 1631 306 1671 De
334 1631 472 1687 Nngis
495 1638 536 1670 et
560 1630 747 1679 Satiras3
780 1646 877 1670 nam
911 1630 1028 1687 quod
1055 1630 1106 1671 acl
1135 1647 1183 1672 ea
1211 1632 1372 1689 scripta
1396 1633 1604 1690 pertinet,

123 1724 232 1766 quae
275 1707 481 1748 dicuntur
520 1706 718 1747 Fabulae
758 1707 808 1748 (le
860 1707 1012 1748 Mensa
1054 1709 1277 1759 Ιῖοίιιηάα,
1319 1709 1497 1751 difficile
1544 1720 1611 1752 est

123 1785 235 1826 scire
268 1800 374 1842 quas
403 1782 448 1824 in
474 1783 526 1824 iis
561 1783 807 1824 scribendis
844 1784 1085 1828 Walterius
1116 1794 1264 1842 partes
1299 1788 1608 1844 assumpserit3

125 1878 221 1904 cum
249 1870 394 1902 tamen
425 1875 585 1901 nomen
614 1861 706 1915 ejus
740 1876 826 1901 non
863 1861 919 1902 sit
952 1862 1005 1902 ab
1034 1862 1101 1902 his
1136 1863 1311 1920 seriptis
1345 1873 1608 1921 separatum,

127 1939 251 1981 fateri
280 1938 406 1979 decet
434 1936 697 1981 walterium
725 1938 1065 1980 humanissimae
1098 1940 1197 1980 huie
1229 1940 1402 1999 (gallice
1438 1960 1458 1981 «
1490 1958 1614 1984 cour-

127 2017 237 2058 toise
269 2032 289 2054 »
320 2015 479 2070 dictae)
512 2014 801 2064 litteraturae,
833 2015 878 2056 id
907 2024 972 2057 est
1000 2032 1099 2058 vere
1126 2017 1309 2075 gallicae
1345 2017 1613 2061 litteraturae

128 2093 317 2134 libenter
346 2091 584 2133 studuisse.

188 2169 428 2214 walterius
450 2177 610 2218 autem,
630 2170 759 2210 etiam
782 2186 878 2211 cum
901 2170 1033 2228 patrii
1053 2173 1268 2213 sermonis
1283 2172 1414 2215 fucrit
1434 2174 1614 2227 oblitus,

133 2262 260 2303 saepe
307 2246 598 2288 rusticitatem
646 2247 867 2288 Saxonum
917 2249 1256 2306 contempserit,
1307 2251 1481 2308 scriptis
1528 2253 1618 2293 suis

132 2323 365 2365 tentaverit
407 2323 663 2381 gallicarum
705 2323 950 2365 litterarum
991 2326 1203 2367 rationem
1251 2344 1298 2368 ac
1338 2328 1617 2386 disciplinam

133 2400 343 2451 inserere,
376 2415 463 2440 non
491 2409 637 2441 tamen
665 2401 861 2452 omnino,
893 2411 939 2442 ut
967 2396 1028 2452 fit,
1062 2419 1147 2444 non
1171 2405 1222 2445 ab
1252 2405 1424 2463 origine
1453 2405 1618 2463 aliquid

136 2476 368 2517 retinuisse
410 2477 569 2533 potuit.
614 2478 795 2519 Frustra
842 2479 974 2529 enirn,
1023 2479 1124 2520 dum
1173 2480 1340 2522 alienos
1382 2474 1620 2539 scriptores

135 2553 260 2611 legis⁷
286 2552 388 2594 dum
411 2551 552 2594 aliena
575 2554 707 2595 multa
732 2554 926 2612 undique
950 2557 1158 2613 acquiris,
1185 2558 1370 2616 originis
1394 2559 1622 2599 immemor

137 2645 181 2671 es
213 2647 220 2671 ;
253 2637 467 2687 apparent
502 2638 647 2671 tamen
682 2631 870 2689 originis
905 2633 1106 2692 vestigia,
1138 2643 1184 2675 ut
1216 2651 1345 2692 saepe
1376 2651 1471 2676 rara
1505 2644 1622 2676 terra

138 2715 372 2764 coopertus
395 2722 529 2763 aquae
554 2706 650 2748 sons
680 2709 872 2766 erumpit
894 2718 1039 2751 tamen
1068 2719 1141 2752 aut
1168 2712 1238 2752 hic
1267 2721 1340 2753 aut
1368 2712 1472 2753 illic.
1499 2712 1622 2756 Wal-

142 2784 298 2825 tcrium
328 2783 463 2842 igitur
491 2783 732 2835 laudemus,
765 2785 881 2842 quod
911 2802 997 2827 non
1030 2788 1218 2843 patrium
1249 2804 1387 2846 genus
1420 2789 1460 2829 in
1492 2805 1542 2829 co
1572 2790 1626 2830 sit
