1873 3329
386 310 687 336 FAnULosAnUM
725 309 1028 335 NAiinA'rloNUM
1065 307 1294 333 SCRIPTORE
1535 301 1590 330 137

106 396 234 439 Rollo
262 411 391 437 causa
416 395 511 443 suit,
539 411 635 435 nam
665 394 802 435 samac
833 409 919 433 non
947 392 1238 439 credideram,
1265 391 1340 432 sed
1370 406 1444 431 sua
1469 390 1592 434 mihi,

105 489 234 531 quem
274 472 602 513 veracissimum
651 470 766 519 novi,
811 470 1031 526 persuasit
1078 469 1261 509 assertio
1308 476 1348 508 te
1390 465 1596 524 Apolline

106 549 364 597 doctiorem,
391 550 493 589 Jove
530 547 760 594 leniorem,
795 547 936 587 Marte
971 545 1231 590 leoniorem,
1264 560 1342 600 pro
1378 552 1591 599 tempore,

107 626 204 668 loco
227 637 268 666 et
290 625 436 673 modo,
461 641 542 666 nec
565 632 632 665 est
657 623 802 679 aliqua
825 622 909 663 diis
933 621 1047 670 data,
1076 630 1248 678 praeter
1272 620 1593 665 aeternitatem,

109 702 309 747 felicitas,
333 718 461 759 quam
485 702 571 742 tuis
595 716 680 741 non
705 699 956 756 adjunxerit
976 698 1194 739 laudibus.
1215 696 1413 746 Credidi,
1439 696 1593 742 fateor,

110 788 150 820 et
172 788 296 836 capta
319 795 430 826 sum,
456 786 497 818 et
520 792 620 818 ecee
647 776 730 817 tibi
752 775 1026 816 desideratas
1048 774 1186 816 offero
1214 774 1326 815 laeta
1355 773 1550 813 delicias,
1573 789 1593 810 »

112 857 163 897 Et
180 856 419 904 decumbit,
445 863 487 895 et
509 853 744 894 attrahit...
771 871 791 892 »
823 852 910 894 Sed
929 852 1120 909 juvenis,
1147 851 1290 892 soluto
1314 849 1593 891 brachiorum

109 932 299 980 vinculo,
330 940 448 973 tanta
472 929 735 971 verecundia
766 929 996 986 respondit
1023 937 1070 970 ut
1100 937 1218 969 certe
1240 929 1374 968 risum
1401 927 1469 967 his
1495 941 1595 983 pcr-

110 1010 230 1050 sonis
254 1009 476 1058 movisset,
502 1024 609 1065 quas
634 1007 676 1047 in
700 1007 839 1048 libros
856 1033 913 1037 —
929 1006 1082 1047 saltem
1106 1006 1150 1046 in
1174 1005 1340 1062 primos
1359 1002 1598 1044 —induxit

115 1086 272 1127 Paulus
303 1087 500 1143 Bourget
531 1102 538 1125 ε
567 1102 587 1123 «
613 1085 848 1141 Nunquam
881 1100 902 1124 a
934 1084 1049 1124 Reso
1082 1082 1257 1124 Rolloni
1290 1098 1371 1138 pro
1393 1079 1598 1136 benigni-

111 1171 197 1204 tate
231 1162 502 1203 retribuetur
533 1161 717 1217 injuria3
744 1161 1008 1201 inurbanum
1041 1159 1157 1200 enim
1188 1167 1255 1200 est
1284 1166 1328 1198 ut
1356 1159 1395 1198 ei
1422 1157 1597 1197 thorum

110 1239 286 1287 violem,
312 1254 441 1296 quem
480 1238 585 1279 mihi
615 1246 734 1278 totus
760 1238 937 1296 negavit
964 1236 1084 1277 orbis
1114 1245 1156 1277 et
1184 1236 1279 1293 ipse
1309 1233 1543 1292 praestitit.
1578 1250 1597 1270 »

172 1317 219 1357 In
254 1315 350 1357 aliis
379 1315 488 1357 locis
519 1314 762 1374 XValterius
784 1314 837 1355 ad
869 1314 985 1354 idem
1008 1312 1285 1370 propositum
1321 1310 1599 1359 revertitur¹,

112 1393 238 1451 quasi
278 1408 457 1433 uxorem
499 1391 677 1433 alterius
715 1407 801 1432 non
836 1399 1053 1432 temerare
1095 1389 1263 1439 suisset,
1301 1389 1397 1446 ipso
1432 1387 1597 1444 judice,

113 1469 302 1527 insignis
326 1477 425 1509 ante
453 1468 558 1509 alias
587 1467 756 1509 ordinis
787 1468 982 1525 equitum
1007 1475 1123 1508 nota.
1148 1468 1261 1508 Num
1290 1465 1406 1522 apud
1434 1463 1601 1524 Anglos

113 1562 338 1604 proceres,
363 1546 437 1603 qui
453 1554 558 1586 tune
580 1545 625 1586 in
647 1546 788 1602 eapite
812 1544 1042 1585 hominnm
1059 1544 1222 1601 ubique
1241 1542 1599 1588 dominabantur,

114 1623 228 1665 sicut
256 1622 459 1663 seminam
489 1622 649 1672 colere,
687 1622 740 1663 ita
773 1630 814 1662 et
839 1621 1030 1662 revereri
1058 1620 1143 1661 sihi
1168 1619 1329 1661 honori
1351 1621 1440 1676 jam
1470 1618 1603 1659 duce-

113 1700 242 1750 bant,
279 1707 613 1755 praesumentes
654 1699 800 1739 animo
842 1698 884 1738 id
925 1697 1042 1755 quod
1083 1706 1148 1738 est
1188 1697 1320 1737 decus
1362 1694 1602 1736 hodiernae

113 1775 299 1836 Angliae
328 1775 688 1816 nobilissimum?
714 1776 809 1816 Non
839 1774 1043 1832 equidem
1080 1773 1297 1814 affirmare
1327 1773 1482 1813 ausim.
1517 1770 1605 1813 Sed

114 1861 290 1910 praeter
324 1852 428 1893 belli
464 1851 659 1903 suroreS,
699 1860 874 1909 praeter
908 1851 1147 1892 amantium
1182 1850 1335 1898 ludos,
1366 1848 1604 1890 christiana

115 1929 224 1971 fides
253 1928 337 1970 alte
364 1928 497 1970 infixa
528 1929 686 1970 animis
714 1929 939 1979 haerebat,
971 1929 1029 1970 ita
1057 1937 1120 1978 ut,
1153 1944 1203 1968 eo
1232 1936 1451 1984 tempore,
1477 1925 1605 1966 sicuti

116 2005 227 2048 nihil
257 2006 371 2047 inter
403 2005 690 2063 pugnandum
721 2006 1077 2049 reformidarent.
1112 2005 1242 2045 etiam
1266 2013 1457 2045 extrema
1488 2001 1606 2059 peri-

117 2083 228 2133 cula,
261 2083 338 2133 sie,
365 2082 408 2123 in
436 2083 597 2124 'tuenda
621 2082 721 2130 side,
746 2083 874 2124 vitam
899 2084 1039 2140 ipsam
1062 2082 1106 2123 in
1127 2082 1366 2122 discrimen
1389 2078 1605 2121 adducere

118 2175 205 2201 non
242 2159 513 2200 dubitarent.
551 2160 736 2201 Gratum
771 2168 864 2201 erat
897 2159 1113 2203 XValterio
1148 2157 1348 2215 exempla
1383 2155 1547 2198 referre
1583 2170 1603 2195 a

120 2236 373 2277 monasticis
413 2236 647 2277 ordinibus
685 2237 801 2286 data,
839 2238 929 2294 qui,
962 2245 1008 2277 ut
1048 2235 1327 2278 Carthusiani
1374 2242 1416 2274 et
1457 2231 1607 2290 Magni

119 2312 283 2354 Montis
326 2313 553 2365 monachi,
598 2313 732 2354 medii
770 2314 861 2354 aevi
901 2313 1126 2363 homines,
1170 2320 1350 2353 naturae
1396 2310 1608 2351 instinctu

122 2390 215 2447 regi
254 2388 425 2438 solitos,
458 2389 730 2431 edocuerunt
781 2399 988 2447 oportere
1040 2389 1330 2430 christianum
1371 2401 1605 2444 quemque,

122 2466 246 2507 freno
275 2466 452 2523 corpori
481 2466 706 2524 imposito,
738 2468 842 2508 totis
869 2467 1036 2508 viribus
1066 2468 1109 2508 in
1139 2482 1232 2508 eam
1261 2480 1408 2506 curam
1440 2464 1610 2504 incum-

120 2543 224 2584 bere
247 2551 293 2583 ut
321 2542 532 2584 coelestia
562 2543 799 2585 meditetur
815 2545 843 2584 Ξ.
870 2545 961 2585 Hoc
983 2543 1049 2584 illi
1076 2551 1168 2584 erat
1190 2543 1233 2583 in
1257 2542 1385 2589 votis,
1412 2548 1458 2581 ut
1479 2553 1609 2579 sensu

122 2619 268 2677 aliquo
287 2627 375 2659 tam
399 2619 600 2677 integrae
622 2620 855 2680 religionis
872 2620 1214 2678 perfunderetur
1230 2618 1404 2675 Equitis
1422 2616 1608 2662 animus,

166 2811 196 2842 1.
214 2813 261 2842 De
278 2810 395 2854 Nugis,
418 2811 504 2843 Dist.
525 2812 599 2850 111²,
618 2823 696 2853 cap.
714 2814 749 2849 2;
772 2813 869 2850 ilud„
892 2824 926 2854 p.
952 2813 1023 2850 168,
1045 2813 1116 2843 169.

167 2858 198 2889 2.
215 2857 318 2897 lbid„
335 2868 370 2898 p.
396 2859 447 2897 27,
465 2859 516 2889 28.
