1873 3329
514 318 564 343 DE
598 316 809 343 WALTBMI
845 315 987 340 ΜΑΡΡΙΙ
1023 314 1118 339 vl'rA
1522 315 1557 344 51

76 420 258 462 quorum
284 419 416 460 opera
448 402 643 443 studiosi¹
672 401 875 442 utebatur
904 415 956 439 ne
979 414 1052 440 sua
1078 400 1242 440 Domus
1266 400 1486 443 videretur
1509 405 1561 444 ab

75 480 280 537 adoptiva
303 479 441 536 patria
467 479 607 519 aliena
627 480 651 525 ¹,
684 477 782 533 plus
811 491 937 533 quam
962 476 1168 532 propriae
1197 478 1374 520 utilitati
1403 496 1564 521 consu-

74 557 194 598 lebat
217 557 449 601 Henricus,
476 555 622 596 cordis
646 554 760 595 enim
785 552 1014 593 affectibus
1044 554 1239 609 parebat.
1274 556 1362 604 Sic,
1395 556 1562 599 favente

73 650 196 692 rege,
227 635 342 674 inter
365 649 518 673 omnes
544 633 585 672 in
615 631 709 671 aula
738 630 943 686 Mappius
967 630 1088 670 brevi
1110 631 1308 674 eminuit.

131 712 270 752 Utens
310 710 443 767 igitur
472 708 772 764 descriptione
808 722 936 762 quam
973 706 1167 763 reliquit,
1200 724 1412 764 quaenam
1446 721 1561 754 esset

74 787 244 829 indoles
267 786 491 827 hominum
517 786 629 825 inter
653 799 763 840 quos
782 783 900 833 vixit,
922 782 1135 824 laboravit
1157 793 1199 824 et
1227 786 1399 836 enituit,
1425 803 1560 845 expo-

73 880 177 905 nere
213 862 462 921 aggrediar.
490 861 623 902 Modo
658 860 746 901 dixi
784 860 1020 900 Henricum
1043 860 1176 901 fuisse
1206 877 1408 917 asperum
1442 865 1558 907 cultu

73 940 311 982 Modicium
345 947 443 980 ante
490 937 780 979 Medic-iorum
817 945 1032 993 tempora,
1073 937 1309 993 plurimum
1349 942 1462 981 enim
1500 942 1562 983 in-

73 1025 208 1059 terest
248 1032 334 1057 non
366 1031 528 1056 errare.
569 1015 615 1056 Si
656 1014 753 1071 quis
794 1013 1033 1071 legentium
1076 1023 1220 1056 mente
1261 1029 1562 1072 praesumeret

73 1095 239 1152 regiam
277 1092 487 1133 familiam
529 1091 581 1132 ad
612 1091 929 1131 humanitatem
977 1091 1207 1141 excultam,
1252 1094 1393 1151 regias
1432 1096 1560 1137 aedes

72 1171 243 1228 ingenti
283 1177 495 1227 apparatu
527 1176 703 1209 ornatas
733 1183 777 1208 se
814 1168 1109 1218 inventurum,
1143 1169 1215 1209 ubi
1255 1171 1318 1210 vir
1352 1172 1560 1230 prinecps

71 1247 249 1289 nonnisi
276 1262 374 1287 raro
403 1246 446 1286 in
475 1261 650 1286 suorum
684 1253 969 1302 conspectum
1001 1246 1161 1295 veniat,
1196 1261 1337 1303 neque
1369 1264 1559 1306 unquam

72 1323 270 1365 diadema
315 1323 522 1379 deponat,
566 1322 649 1363 sibi
691 1323 783 1379 ipse
825 1330 1014 1362 strueret
1055 1322 1253 1364 insidias.
1294 1325 1340 1364 In
1380 1325 1558 1378 familia,

74 1401 290 1443 Henricus
312 1399 434 1442 nullo
469 1399 599 1440 modo
630 1399 764 1440 refert
788 1399 938 1439 habitu
981 1415 1197 1440 summum
1230 1401 1405 1458 imperii
1428 1413 1564 1444 recto-

73 1494 164 1519 rem
188 1478 265 1535 qui
293 1476 412 1518 solus
434 1471 590 1534 procu-l
614 1477 666 1516 ab
696 1476 900 1516 omnibus
936 1475 1075 1526 sedet,
1101 1492 1154 1517 ne
1189 1478 1295 1534 quid
1324 1479 1377 1520 de
1406 1482 1564 1537 majes-

71 1563 160 1596 tate
183 1554 453 1596 detrahatur.
474 1553 636 1595 Audito
656 1562 799 1594 autem
818 1553 861 1593 in
878 1553 1028 1594 limine
1052 1554 1198 1612 regiae
1217 1556 1423 1607 tumultu,
1444 1573 1566 1615 egre—

72 1631 191 1673 ditur
220 1630 291 1672 ille
315 1631 432 1672 foras
455 1631 734 1687 quaesiturus
764 1630 868 1686 quid
894 1630 976 1671 hoc
1005 1631 1089 1671 sibi
1120 1631 1245 1681 velit;
1276 1632 1423 1674 audito
1441 1636 1559 1689 joco,

73 1709 117 1750 in
154 1724 240 1766 quo
281 1708 527 1749 reverentia
567 1723 670 1765 erga
713 1707 938 1747 dominum
974 1707 1152 1748 minime
1185 1718 1398 1758 servatur,
1436 1711 1562 1751 (lum-

75 1785 204 1826 modo
233 1785 343 1826 haec
367 1800 452 1825 non
477 1784 751 1841 ineleganter
779 1784 892 1824 dicta
920 1784 1024 1832 sint,
1052 1785 1173 1826 vultu
1202 1801 1377 1843 semper
1405 1803 1561 1829 sereno

73 1862 239 1904 nullam
271 1861 379 1902 iram
415 1861 623 1917 concipit.
658 1860 853 1913 Quadam
883 1860 969 1910 die,
1005 1870 1181 1902 sanctus
1211 1864 1353 1920 Hugo,
1387 1864 1564 1905 Lineol-

74 1938 242 1980 niensis
271 1937 461 1978 civitatis
484 1937 735 1994 episcopus,
767 1953 863 1978 cum
887 1953 1012 1978 mane
1041 1938 1094 1979 ad
1120 1939 1286 1997 regiam
1316 1941 1559 1990 accederet,

72 2016 116 2057 in
138 2015 312 2056 turbam
336 2014 633 2055 famelicorum
656 2014 829 2066 incidit,
856 2030 965 2072 quos
981 2016 1095 2056 servi
1112 2031 1200 2057 non
1218 2017 1314 2057 sine
1334 2018 1563 2059 vexatione

71 2091 227 2149 procul
250 2091 473 2132 arcebant.
499 2092 688 2134 Vocatos
717 2107 813 2132 eum
843 2091 1155 2150 interrogaret,
1186 2094 1514 2150 responderunt
1551 2111 1558 2134 ε

74 2185 95 2208 α
130 2167 372 2209 Forestarii
405 2183 570 2210 sumuS.
606 2194 663 2199 —
695 2169 828 2227 Ergo,
871 2168 1022 2209 retulit
1053 2169 1304 2226 episcopus,
1342 2169 1562 2212 forestarii

74 2244 180 2285 foris
203 2252 335 2286 stent.
363 2262 384 2283 ))
416 2244 547 2296 Quod
576 2260 652 2285 rex
676 2244 862 2286 interius
885 2244 1068 2286 audiens
1095 2246 1303 2302 (parietes
1331 2256 1492 2299 autem,
1519 2256 1564 2289 ut

72 2320 261 2369 videtur,
311 2337 464 2378 parum
500 2322 635 2362 crassi
670 2322 806 2376 erant)
840 2322 939 2363 risit
971 2330 1013 2363 et
1047 2322 1154 2364 exiit
1187 2323 1357 2364 obviam
1395 2324 1450 2365 ei.
1482 2324 1563 2365 Cui

72 2398 193 2454 prior
221 2414 229 2437 :
264 2415 282 2436 <t
313 2398 401 2439 Vos
436 2399 579 2456 tangit
606 2398 713 2439 haec
741 2398 965 2455 parabola,
1004 2399 1121 2456 quia,
1155 2399 1424 2456 pauperibus
1453 2417 1562 2458 quos

72 2474 101 2515 ii
129 2482 339 2531 torquent
375 2474 627 2531 paradisum
660 2476 893 2533 ingressis,
925 2492 1021 2517 cum
1060 2476 1303 2518 forestariis
1338 2477 1443 2518 foris
1473 2486 1562 2518 sta-

113 2592 142 2622 ¹1.
166 2591 309 2622 Constat
330 2602 433 2632 quam
456 2592 553 2623 enixe
579 2593 796 2623 laboraverit
820 2593 988 2624 Henricus
1016 2605 1082 2635 quo
1111 2595 1189 2635 plus
1219 2600 1339 2635 posset
1360 2595 1393 2624 in
1422 2595 1561 2635 regione

70 2638 248 2669 Wallensi.
265 2638 300 2668 Si
316 2639 492 2669 contendit
506 2650 584 2670 cum
600 2640 748 2671 Girardo
770 2640 811 2670 de
833 2641 947 2676 Barri,
963 2641 1082 2671 nolens
1099 2652 1177 2671 eum
1189 2642 1264 2672 fieri
1284 2642 1561 2674 Sancti-Davidis

71 2685 285 2726 episcopum,
307 2685 342 2716 in
365 2686 481 2716 animo
505 2691 641 2717 tantum
666 2687 789 2718 habuit
815 2688 859 2718 ab
883 2688 1074 2729 episcopali
1103 2689 1182 2719 sede
1207 2700 1325 2720 arcere
1347 2689 1561 2720 sacerdotem

71 2733 196 2774 agendi
216 2733 394 2774 cupidum,
411 2733 610 2764 ambitionis
637 2745 702 2764 non
724 2739 913 2775 expertem,
935 2736 992 2776 qui
1011 2736 1062 2766 illi
1084 2736 1231 2766 dioecesi
1254 2747 1354 2766 suum
1374 2736 1562 2776 pristinum

71 2780 174 2810 decus
198 2779 407 2811 restitueret.
426 2780 461 2810 Si
481 2780 640 2811 hortatus
658 2787 710 2812 est
733 2781 959 2813 Godesridum
981 2783 1022 2813 de
1042 2783 1240 2813 Monmouth
1260 2784 1301 2813 ad
1325 2784 1559 2821 scribendum,

72 2831 131 2857 aut
154 2827 277 2857 saltem
308 2827 352 2857 ad
381 2828 542 2858 tuendam
577 2829 775 2860 fabularum
810 2829 1186 2870 Glastonburgensium
1212 2831 1468 2869 auctoritatem,
1500 2842 1562 2871 per

71 2884 130 2905 eas
148 2874 275 2905 veteris
290 2873 477 2905 Cambriae
493 2875 681 2906 Celtarium
698 2877 849 2916 superbo
865 2876 1000 2917 patriae
1019 2877 1129 2907 amori
1143 2888 1273 2908 morem
1289 2888 1408 2918 gerere
1421 2877 1559 2908 licebat.
