1842 3288
220 348 279 378 202
720 351 770 375 DE
803 351 1024 376 wAlsrssnio
1060 351 1213 376 MAPP10

227 438 472 488 modorum,
498 440 709 494 cujusque
735 437 996 494 peculiarem
1023 452 1197 477 sensum
1222 438 1342 477 novit
1360 440 1386 488 ¹,
1409 438 1494 478 imo
1514 454 1708 479 commu-

224 515 430 555 nissimas
468 514 642 571 linguae
682 522 806 555 notas
848 523 919 555 aut
949 514 1164 563 oblivisci,
1197 522 1267 555 aut
1305 515 1449 570 potius
1478 514 1706 572 dedignari

223 592 409 633 videtur.
445 592 569 632 Nunc
598 607 677 648 pro
709 592 873 638 verbis,
911 590 1136 647 adjectivis
1169 599 1210 630 et
1247 590 1463 631 adverbiis
1504 591 1708 648 incorpo-

224 669 327 709 ralia
368 676 548 724 usurpat
589 668 765 709 nomina
788 670 828 717 Ξ;
862 668 923 708 sic
956 667 1110 708 scribit
1139 685 1158 705 «
1187 666 1509 708 multitudinem
1539 676 1708 724 tympa—

224 761 377 786 norum
403 763 442 794 »,
477 761 564 785 non
603 763 621 783 «
658 744 816 785 multos
852 753 1081 801 tympanos
1106 762 1157 786 »ς
1188 762 1206 782 «
1241 753 1416 784 resonat
1451 744 1493 784 in
1523 759 1707 800 propor-

223 824 340 863 tione
378 840 396 860 »
431 822 610 878 ponitur
653 840 671 859 «
703 821 1096 878 proportionaliter
1130 839 1174 865 »2
1203 820 1464 876 «cupiditas
1498 820 1654 860 mentis
1686 838 1704 858 »

225 916 303 956 pro
339 917 358 938 «
397 900 518 955 cupit
552 917 591 949 »,
632 914 747 938 nunc
785 898 974 938 orationi
1016 898 1176 938 latinae
1210 914 1308 937 vere
1345 897 1523 956 gallicas
1555 897 1709 937 intexit

227 976 403 1024 formas,
442 975 648 1016 latinitati
686 983 983 1032 repugnantes
1023 992 1028 1014 :
1067 992 1086 1013 «
1119 990 1162 1017 se
1196 973 1329 1014 volvit
1358 973 1627 1031 signaculum
1667 991 1705 1017 n,

227 1071 245 1090 «
282 1052 380 1093 vide
414 1052 499 1093 cito
539 1068 648 1108 quae
683 1060 858 1108 oportet
896 1051 986 1091 fieri
1028 1070 1065 1101 n,
1101 1070 1119 1089 «
1159 1052 1237 1091 ista
1275 1060 1375 1091 sunt
1403 1059 1588 1107 quatuor
1622 1050 1709 1090 alas

223 1130 453 1171 habentia³
478 1148 514 1169 ».
542 1130 723 1170 Latinus
747 1129 827 1169 iste
851 1145 994 1169 sermo
1023 1128 1295 1169 adulterinus
1327 1137 1368 1168 et
1391 1128 1708 1184 incompositus

223 1207 348 1248 cedat
368 1206 561 1255 tandem,
587 1215 759 1263 tempus
783 1222 885 1246 sane
909 1214 989 1253 est,
1020 1206 1141 1245 novis
1165 1205 1408 1246 orientibus
1432 1205 1611 1263 linguis.

251 1277 262 1285 κ
284 1286 432 1341 Itaque
475 1285 545 1327 W.
581 1283 748 1340 Mappii
784 1291 1032 1339 poematum
1069 1281 1271 1322 litterarii
1305 1281 1436 1338 pretii
1467 1282 1709 1322 aestimatio

224 1361 397 1402 easdem
424 1361 601 1417 subjicit
630 1360 868 1409 illationes,
900 1375 1006 1416 quas
1032 1361 1121 1415 jam
1145 1375 1196 1399 ex
1227 1360 1319 1414 ejus
1342 1359 1549 1415 operibus
1570 1359 1708 1399 soluta

223 1439 421 1480 oratione
472 1438 648 1495 scriptis
690 1453 823 1493 supra
868 1437 1147 1494 protulimus.
1198 1437 1260 1476 Ex
1300 1435 1526 1492 utriusque
1571 1435 1709 1492 partis

224 1531 405 1572 operum
443 1515 816 1563 consideratione,
857 1514 971 1554 idem
1002 1514 1089 1554 sive
1121 1513 1173 1553 de
1211 1513 1402 1554 auctoris
1435 1513 1709 1569 temporibus

226 1593 314 1633 sive
361 1592 413 1632 de
462 1600 639 1632 auctore
679 1591 775 1647 ipso
814 1590 1028 1647 judicium
1077 1589 1371 1631 inferendum.
1417 1588 1589 1630 saeculi
1637 1588 1706 1628 xiii

227 1669 448 1710 renovatio
478 1668 663 1727 fragilis,
696 1684 806 1724 quae
834 1667 1049 1708 bellorum
1080 1667 1287 1724 procellis
1321 1682 1419 1707 mox
1447 1665 1703 1722 abripietur.

227 1748 282 1787 Ea
312 1746 427 1787 enim
464 1762 550 1786 non
585 1745 780 1785 scientiis
815 1745 1046 1802 permultis
1078 1744 1232 1795 ordine
1262 1743 1444 1801 digestis
1473 1742 1704 1792 innibitur,

224 1823 300 1863 sed
343 1839 364 1863 e
404 1822 636 1879 disciplina
685 1821 916 1871 artificiali,
967 1822 1184 1878 praecoci,
1231 1829 1270 1861 et
1319 1836 1370 1861 ex
1410 1819 1536 1861 libris
1584 1819 1708 1860 unice

224 1901 375 1941 hausta
413 1901 630 1957 originem
663 1899 798 1940 ducit.
836 1899 906 1941 W.
945 1898 1112 1955 Mappii
1146 1898 1389 1956 ingenium,
1421 1897 1574 1938 aetatis
1608 1913 1709 1938 suae

225 1977 352 2018 fidele
377 1976 619 2034 speculum,
651 1975 878 2016 doctrinae
902 1975 1011 2016 male
1034 1975 1230 2032 digestae
1259 1983 1300 2015 et
1330 1990 1458 2031 quam
1489 1989 1574 2015 non
1606 1974 1710 2014 satis

223 2054 450 2102 combibit,
483 2053 606 2094 oneri
644 2053 785 2110 impar
822 2061 909 2102 est;
939 2052 1124 2109 ideoque
1148 2052 1189 2092 in
1224 2060 1316 2093 toto
1345 2053 1437 2107 ejus
1465 2066 1597 2108 opere
1631 2066 1710 2091 nec

226 2132 384 2172 variam
413 2131 658 2188 juventutis
696 2130 1034 2187 jucunditatem,
1072 2129 1356 2171 fecundamve
1391 2127 1549 2169 mentis
1586 2128 1712 2168 uber-

225 2217 357 2249 tatem
391 2208 650 2264 reperimus,
686 2223 765 2248 nee
794 2215 945 2247 contra
975 2215 1142 2247 certum
1173 2206 1329 2247 maturi
1357 2205 1492 2247 animi
1518 2205 1711 2262 vigorem

225 2294 515 2341 conceptusve
548 2285 664 2325 lente
693 2284 978 2342 excogitatos.
1013 2284 1060 2324 In
1096 2283 1234 2340 ipsius
1265 2283 1534 2324 carminibus
1564 2280 1713 2322 videre

267 2435 296 2465 1.
329 2434 491 2464 Confusio
522 2439 717 2474 temporum
745 2438 777 2463 et
805 2433 987 2463 modorum
1015 2443 1021 2463 :
1057 2433 1292 2473 Apocalypsis,
1321 2444 1353 2463 v.
1384 2434 1434 2469 53,
1466 2433 1571 2468 54-60‚
1596 2433 1648 2462 64.
1674 2450 1714 2455 —

224 2482 395 2521 Tempora
415 2492 482 2511 non
501 2481 721 2515 concordant,
745 2491 777 2512 v.
799 2481 849 2511 26.
873 2499 914 2503 ——
936 2481 1007 2510 Duo
1031 2485 1192 2520 tempora
1212 2480 1246 2510 in
1268 2480 1359 2510 linea
1386 2479 1507 2510 eadem
1529 2490 1535 2510 t
1557 2479 1714 2520 ApocaL,

223 2540 256 2558 V.
274 2529 377 2558 12-30.
393 2529 622 2558 Praeteritum
639 2529 842 2568 perfectum,
861 2538 1041 2568 praesens,
1059 2528 1112 2558 vel
1131 2528 1212 2568 plus
1227 2538 1331 2568 quam
1349 2528 1540 2567 perfectum
1559 2526 1714 2557 vicissim

225 2581 282 2605 aut
303 2576 407 2606 simul
426 2580 540 2605 tenent
561 2576 741 2615 praeteriti
763 2575 959 2615 imperfecti
984 2575 1110 2606 locum.

265 2624 294 2654 2.
318 2624 408 2653 Usus
433 2623 609 2652 nominum
634 2622 909 2662 incorporalium
932 2632 939 2652 :
963 2625 1010 2652 De
1032 2622 1138 2663 grisis
1162 2622 1345 2656 monachisv
1368 2633 1400 2652 v.
1419 2622 1510 2658 9-13,
1530 2622 1580 2658 20,
1603 2622 1712 2658 32-35;

226 2670 441 2700 Praedicatio
461 2669 591 2705 Golia-e,
612 2681 643 2699 v.
670 2671 718 2705 13,
742 2671 792 2706 32,
815 2671 865 2705 3⁴3,
890 2670 944 2706 71;
975 2671 1091 2699 Sermo
1116 2669 1162 2699 ad
1188 2669 1363 2699 Praelatos
1384 2669 1515 2710 impios,
1538 2669 1643 2706 v..21,
1663 2669 1715 2698 24-

224 2719 274 2752 26,
307 2719 417 2755 30-343
440 2717 663 2758 Apocalypsis
689 2717 819 2754 Goliae,
840 2727 902 2757 pro
931 2716 1128 2757 adjectivis,
1158 2728 1190 2747 v.
1214 2718 1360 2753 297-300,
1385 2717 1531 2755 345-349,
1558 2717 1711 2750 393-396;

224 2775 286 2804 pro
315 2765 504 2801 adverbiis,
532 2776 563 2795 v.
590 2765 817 2800 246-247-2483
846 2775 908 2805 pro
940 2764 1068 2800 verbis,
1096 2776 1128 2794 v.
1154 2765 1203 2800 57,
1238 2766 1287 2800 59,
1317 2765 1386 2800 100,
1418 2768 1500 2800 etc.;
1534 2766 1714 2794 Melamor-

220 2812 341 2851 phasis
366 2823 455 2853 :pro
483 2812 676 2853 adjectivis,
708 2822 740 2842 v,
761 2812 810 2851 11,
833 2811 881 2848 14,
908 2813 1021 2850 26-283
1051 2822 1114 2851 pro
1146 2811 1319 2848 adverbis,
1345 2822 1376 2842 v.
1406 2812 1460 2846 20;
1495 2822 1558 2852 pro
1586 2811 1712 2848 verbis,

228 2870 259 2889 v.
284 2860 355 2898 223,
377 2861 448 2897 226,
474 2860 544 2890 233.

271 2908 298 2935 3.
323 2906 559 2948 Apocalypsis,
586 2918 616 2937 v.
640 2907 710 2943 184,
730 2907 779 2943 57,
800 2907 869 2941 117,
892 2910 955 2937 etc,
