1842 3288
197 329 256 360 152
690 336 740 361 DE
775 335 998 361 WALTERIO
1034 333 1192 360 ΜΑΡΡΙΟ

198 419 346 460 multis
386 427 426 460 et
472 419 679 476 gravibus
712 421 847 471 vitiis,
888 420 1006 478 quod
1047 419 1100 460 ad
1139 420 1468 477 grammaticam
1512 421 1687 473 attinet,

198 496 315 537 infici
340 496 685 537 meminerimus.
714 497 818 539 Sine
842 497 992 547 dubio,
1018 497 1088 538 vix
1110 496 1174 537 illi
1197 495 1350 537 damus
1373 498 1548 539 crimini
1573 499 1691 556 quod

198 590 218 614 a
240 572 475 614 vernaculo
511 588 712 614 sermone
745 590 833 615 non
867 590 1004 631 pauca
1046 581 1268 614 mutuatus
1309 575 1400 614 est¹
1431 574 1536 630 (non
1574 576 1691 616 enim

198 650 324 691 aliter
370 649 464 690 fieri
510 658 698 707 poterat,
742 667 840 691 cum
869 660 985 692 essct
1019 651 1265 692 litterarum
1306 650 1688 707 studiosissimus).

198 727 431 768 Rationem
461 726 637 768 dicendi
665 743 766 768 vere
798 727 1091 784 stupendam‘2
1113 744 1194 784 qua
1226 743 1355 784 saepe
1388 728 1525 769 utitur
1553 730 1694 788 magis

198 805 513 861 vituperamuS,
546 804 622 845 sed
650 813 749 845 ante
778 805 923 845 omnia
951 805 1059 846 vitio
1083 805 1147 845 illi
1168 804 1378 845 vertimus
1399 804 1517 862 quod
1543 821 1694 862 gram-

200 882 382 922 maticae
404 881 541 938 leges,
567 890 641 922 aut
669 881 821 921 saltem
855 881 1082 938 quasdam,
1115 881 1403 938 pertinaciter
1431 883 1689 932 contemnit,

200 967 242 999 et
260 957 439 1015 propria
462 957 623 998 latinae
652 957 828 1015 linguae
852 958 1042 1016 insignia
1067 957 1174 999 adeo
1204 957 1360 999 irridet
1382 966 1428 999 ut
1456 958 1696 1015 aliquando

201 1035 390 1092 intelligi
425 1042 630 1091 nequeat.
662 1035 873 1091 Exemplo
902 1035 989 1075 sint
1026 1035 1201 1092 regulae
1237 1051 1347 1092 quae
1377 1043 1563 1076 statutae
1592 1044 1696 1076 sunt

201 1112 253 1154 de
280 1111 614 1170 quaestionibus
636 1111 752 1152 circa
780 1111 941 1161 locum,
974 1111 1026 1152 de
1049 1111 1194 1153 officio
1219 1113 1615 1168 praepositionum,
1641 1112 1698 1154 de

202 1189 379 1247 obliqua
408 1189 606 1229 oratione
639 1205 646 1228 :
679 1188 776 1229 illas
807 1188 1048 1231 walterius
1082 1197 1202 1229 tanta
1224 1189 1467 1246 pervicacia
1501 1199 1697 1246 praeter-

204 1267 338 1326 mittit
382 1275 429 1307 ut
475 1265 527 1306 de
575 1265 794 1306 industria
834 1282 980 1307 errare
1021 1265 1237 1323 videatur,
1276 1266 1400 1323 quasi
1429 1266 1514 1308 sibi
1554 1267 1696 1309 inulto

204 1364 225 1385 «
271 1344 579 1385 soloecismum
618 1343 748 1384 liceat
790 1342 947 1384 fecisse
984 1360 1023 1383 ».
1076 1343 1241 1384 Scribit
1281 1343 1397 1384 enim
1437 1344 1644 1386 audacter
1683 1361 1691 1384 :

205 1441 225 1462 «
251 1422 414 1464 Venire
445 1421 489 1462 in
521 1420 737 1470 fructetis,
764 1420 975 1461 mundum
1009 1419 1151 1468 faciei,
1178 1420 1393 1478 quaesivit
1421 1421 1539 1477 quod
1566 1421 1698 1462 vellet

203 1499 341 1548 fieri3,
397 1497 578 1539 edoctus
616 1497 838 1554 quomodo
887 1497 1215 1554 respondebat'*
1254 1506 1410 1554 petens
1447 1498 1605 1556 inungi
1651 1498 1695 1539 in

204 1577 381 1634 regem⁵
409 1592 454 1625 »3
483 1574 555 1615 in⁶
583 1583 626 1615 et
653 1573 738 1615 ad⁷
776 1574 953 1615 minime
984 1575 1300 1615 convenienter
1327 1590 1478 1616 eorum
1514 1583 1697 1616 naturae

245 1750 274 1779 1.
291 1750 336 1778 De
356 1746 475 1789 Nugis,
498 1746 595 1776 verbi
619 1746 735 1786 gratia
758 1757 764 1776 :
791 1761 803 1771 «ι
828 1746 963 1776 Habere
985 1745 1201 1785 pauperibus
1226 1756 1349 1775 manus
1374 1750 1515 1786 apertas
1535 1761 1547 1772 n
1572 1747 1619 1788 (p.
1645 1748 1698 1785 51,

203 1797 264 1828 lin.
286 1797 329 1836 G).
357 1814 398 1818 —
418 1810 429 1821 «
454 1794 584 1825 Pellem
610 1793 740 1824 habere
767 1793 906 1824 ossibus
936 1809 948 1819 »ι
975 1794 1023 1834 (p.
1042 1795 1094 1831 56,
1116 1793 1177 1824 lin.
1202 1794 1245 1833 6).
1264 1811 1304 1815 —-—-
1333 1808 1344 1819 «
1378 1793 1415 1823 In
1439 1793 1531 1824 diem
1556 1794 1700 1825 tertium

203 1856 223 1875 a
248 1855 322 1874 meo
349 1843 431 1873 illuc
453 1842 604 1872 adventu
627 1856 639 1867 ι»
669 1842 717 1881 (p.
738 1842 808 1878 102⁷
828 1841 888 1872 lin.
912 1842 954 1882 7).
977 1859 1016 1863 —
1037 1841 1078 1871 Et
1104 1840 1208 1871 etiam
1232 1851 1239 1870 :
1258 1851 1294 1881 p.
1314 1840 1385 1880 125,
1401 1840 1462 1871 lin.
1491 1842 1546 1880 153
1568 1853 1603 1883 p.
1626 1842 1700 1882 127,

202 1893 264 1922 lin.
286 1892 340 1926 28;
366 1902 400 1931 p.
426 1890 496 1926 138,
519 1889 580 1920 lin.
606 1890 639 1924 8;
664 1900 698 1929 p.
719 1889 789 1924 191,
814 1888 875 1918 lin.
895 1890 929 1923 3;
950 1899 984 1928 p.
1004 1889 1074 1923 204,
1094 1888 1155 1918 lin.
1176 1888 1225 1925 16,
1248 1893 1312 1918 etc.

245 1941 275 1971 2.
310 1938 411 1974 naid„
445 1936 544 1967 verbi
579 1936 694 1976 gratia
726 1947 732 1966 ς
765 1951 777 1962 u
815 1935 971 1976 Contigit
1007 1935 1098 1975 quod
1136 1935 1191 1965 vir
1223 1934 1442 1965 auctoritatis
1473 1935 1701 1968 maximae...

203 1998 223 2017 a
259 1985 462 2027 patriarcha
501 1983 808 2014 Hierosolimitano
840 1983 971 2012 librum
1004 1982 1276 2023 Evangeliorum
1311 1986 1461 2022 peteret,
1495 1993 1561 2023 quo
1594 1983 1701 2014 etiam

203 2044 323 2065 eorum
338 2033 563 2072 interpretem
582 2030 679 2061 misit
695 2046 707 2056 »
725 2030 773 2071 (p.
790 2032 840 2066 35,
862 2030 922 2060 lin.
941 2030 969 2064 1,
984 2031 1027 2069 5).
1042 2047 1083 2051 -
1109 2044 1121 2055 «
1143 2030 1212 2059 Hos
1228 2029 1399 2066 alliciunt,
1416 2033 1448 2059 et
1463 2029 1507 2059 ad
1527 2031 1702 2061 camineas

205 2091 287 2112 suas
316 2091 335 2110 a
361 2079 509 2119 strepitu
536 2088 693 2108 seorsum
724 2078 767 2107 ab
798 2077 986 2118 hospitibus
1016 2076 1187 2113 caritatis,
1219 2077 1253 2106 id
1285 2081 1338 2107 est
1357 2076 1567 2117 publicibus,
1598 2078 1701 2116 longe

204 2128 339 2158 deliciis
361 2127 548 2157 affluentur
572 2125 746 2159 eoehibunt,
765 2124 996 2154 blandissime
1024 2128 1212 2164 precantur
1232 2128 1323 2155 ut....
1348 2138 1360 2150 ο
1387 2124 1435 2164 (p.
1456 2125 1508 2160 44,
1534 2124 1595 2155 lin.
1618 2126 1697 2165 5-8).

206 2194 244 2199 —
270 2190 283 2202 «ι
303 2174 493 2205 Audierunt
515 2183 709 2203 sermonem
734 2172 856 2202 secisse
874 2171 1104 2201 cardinalium
1132 2171 1167 2200 in
1191 2181 1294 2201 aures
1315 2171 1507 2201 Ernaldum
1531 2186 1542 2197 υ
1579 2173 1626 2212 (p.
1646 2173 1700 2208 43,

204 2223 267 2254 lin.
287 2223 350 2262 20).
372 2240 412 2244 —
432 2220 611 2251 Districtio
637 2230 724 2261 quae
751 2219 826 2250 sive
854 2223 926 2249 tam
951 2218 1161 2248 christianos
1188 2218 1320 2248 inducit
1346 2218 1381 2247 in
1407 2218 1497 2248 hunc
1524 2229 1699 2250 carcerem

205 2270 391 2307 Dacianus,
413 2273 446 2298 et
471 2278 553 2298 vero
580 2267 786 2307 dispensant
814 2266 946 2303 mitius,
969 2271 1002 2296 et
1030 2270 1197 2306 quantum
1220 2265 1374 2295 brevitas
1396 2265 1574 2305 passionis
1601 2266 1701 2306 cujus

205 2317 366 2347 evaditur
385 2326 488 2356 quam
511 2315 677 2345 diuturna
698 2324 946 2354 pressurarum
967 2312 1120 2353 agmina,
1143 2317 1279 2342 tantum
1303 2322 1422 2342 eorum
1443 2312 1582 2343 videtur
1599 2313 1700 2343 mise-

206 2364 376 2394 ricordior
402 2362 591 2393 austeritas
621 2372 726 2402 quam
750 2372 838 2402 quae
870 2361 953 2391 facit
979 2360 1134 2400 inopiam
1159 2360 1207 2399 (p.
1231 2361 1284 2399 49,
1314 2359 1376 2390 lin.
1402 2360 1523 2400 22-26).
1550 2379 1591 2383 —
1624 2360 1701 2391 Alia

206 2412 364 2452 exempla
383 2421 389 2440 :
415 2422 450 2451 p.
472 2410 523 2449 51,
542 2410 602 2439 lin.
626 2410 736 2443 19-24;
759 2419 794 2448 p.
817 2409 868 2447 52,
891 2407 949 2440 lin,
968 2408 1024 2446 213
1047 2418 1082 2447 p.
1104 2407 1154 2443 87,
1177 2407 1237 2437 lin.
1260 2408 1311 2438 22.

247 2461 278 2490 3.
302 2462 349 2489 De
366 2457 484 2500 Nugis,
509 2468 543 2498 p.
567 2458 637 2493 103,
663 2456 724 2486 lin.
745 2457 801 2492 11;
825 2467 861 2496 p.
885 2458 934 2492 70,
957 2455 1018 2485 lin.
1038 2455 1075 2491 2;
1099 2465 1133 2495 p.
1156 2455 1205 2491 71,
1226 2454 1287 2485 lin.
1310 2455 1360 2485 29.

247 2508 278 2537 4.
301 2506 403 2541 Ibid.,
430 2517 464 2546 p.
487 2506 536 2540 72,
557 2504 620 2535 lin.
647 2505 697 2534 26.

249 2557 279 2586 5.
301 2553 404 2591 Jbid..
423 2564 457 2592 p.
481 2554 531 2588 73,
550 2552 611 2582 lin.
634 2552 685 2582 14.

246 2602 276 2632 6.
300 2616 311 2627 υ
336 2602 372 2631 In
392 2600 498 2631 verbo
527 2598 663 2630 Domini
687 2598 946 2638 conquisierant
970 2596 1139 2637 Apostoli,
1162 2606 1230 2625 non
1260 2596 1294 2625 in
1315 2606 1373 2626 ore
1398 2596 1509 2636 gladii
1538 2611 1550 2623 »
1581 2597 1624 2637 (p.
1652 2598 1706 2635 32,

205 2648 266 2678 lin.
290 2649 353 2688 24).
377 2666 415 2670 —
436 2662 448 2673 «
472 2647 567 2676 Facti
592 2649 671 2676 sunt
691 2645 726 2675 in
746 2645 918 2685 populum
938 2644 1087 2674 multum
1109 2643 1225 2679 nimis,
1248 2643 1332 2673 etin
1359 2643 1479 2673 domos
1508 2643 1600 2673 aucti
1627 2644 1707 2684 plu-

204 2696 313 2726 rimas
340 2711 352 2722 ι»
376 2695 424 2736 (p.
448 2697 500 2732 40,
522 2694 581 2723 lin.
606 2693 671 2734 21).

248 2744 276 2773 7.
304 2758 316 2768 ι·
340 2743 388 2773 Ad
410 2741 614 2782 petitionem
631 2740 813 2780 cujusdam
833 2739 900 2769 viri
921 2738 1085 2779 potentis,
1102 2738 1137 2767 in
1158 2737 1318 2768 terminis
1340 2737 1566 2778 episcopatus
1589 2737 1702 2767 sancti

204 2790 347 2820 Joannis
366 2790 407 2820 de
431 2789 598 2827 Moriana,
620 2787 833 2828 propagavit
856 2797 896 2816 ex
923 2797 959 2816 se
985 2784 1176 2816 Carthusia
1200 2784 1341 2814 domum
1367 2799 1380 2811 ι
1412 2784 1459 2824 (p.
1478 2785 1528 2820 27,
1551 2784 1586 2814 in
1611 2784 1704 2823 fine).

206 2855 247 2860 —-
269 2852 281 2863 ιι
305 2837 407 2867 Liber
425 2837 468 2866 ad
489 2836 643 2866 omnium
666 2835 735 2865 exit
754 2835 875 2864 laudes
893 2837 926 2863 et
950 2833 1079 2874 gaudia
1101 2846 1113 2858 ι
1135 2833 1183 2872 (p.
1203 2833 1253 2868 30,
1269 2831 1303 2862 in
1323 2832 1417 2872 fine).
1432 2849 1473 2854 —
1495 2846 1508 2858 a«
1527 2831 1577 2861 Ad
1597 2841 1704 2862 unum

209 2895 244 2914 se
261 2884 391 2915 habent
412 2883 624 2924 principium
648 2898 660 2908 ›-
685 2886 733 2923 (p.
756 2883 807 2921 45,
827 2881 887 2912 lin.
910 2880 975 2921 10).
