<?xml version="1.0" encoding="UTF-8"?>
<!DOCTYPE html PUBLIC "-//W3C//DTD XHTML 1.0 Transitional//EN"
    "http://www.w3.org/TR/xhtml1/DTD/xhtml1-transitional.dtd">
<html xmlns="http://www.w3.org/1999/xhtml" xml:lang="en" lang="en">
 <head>
  <title>
</title>
<meta http-equiv="Content-Type" content="text/html;charset=utf-8" />
  <meta name='ocr-system' content='tesseract 3.04.00' />
  <meta name='ocr-capabilities' content='ocr_page ocr_carea ocr_par ocr_line ocrx_word'/>
</head>
<body>
  <div class='ocr_page' id='page_1' title='image "./dewalteriomappio00barduoft_0199.png"; bbox 0 0 1873 3329; ppageno 0'>
   <div class='ocr_carea' id='block_1_1' title="bbox 610 275 1607 305">
    <p class='ocr_par' dir='ltr' id='par_1_1' title="bbox 610 275 1607 305">
     <span class='ocr_line' id='line_1_1' title="bbox 610 275 1607 305; baseline 0.002 -3"><span class='ocrx_word' id='word_1_1' title='bbox 610 278 659 303; x_wconf 76' lang='grc' dir='ltr'>ΠΕ</span> <span class='ocrx_word' id='word_1_2' title='bbox 693 278 748 302; x_wconf 78' lang='lat' dir='ltr'>W.</span> <span class='ocrx_word' id='word_1_3' title='bbox 787 277 940 302; x_wconf 62' lang='lat' dir='ltr'>&gt;mm-10</span> <span class='ocrx_word' id='word_1_4' title='bbox 976 277 1107 302; x_wconf 74' lang='lat' dir='ltr'>POETA</span> <span class='ocrx_word' id='word_1_5' title='bbox 1547 275 1607 305; x_wconf 81' lang='grc'>183</span> 
     </span>
    </p>
   </div>
   <div class='ocr_carea' id='block_1_2' title="bbox 113 361 1608 1187">
    <p class='ocr_par' dir='ltr' id='par_1_2' title="bbox 113 361 1608 1187">
     <span class='ocr_line' id='line_1_2' title="bbox 117 361 1601 421; baseline 0.001 -17"><span class='ocrx_word' id='word_1_6' title='bbox 117 363 308 421; x_wconf 79' lang='lat' dir='ltr'>speciem</span> <span class='ocrx_word' id='word_1_7' title='bbox 326 363 486 403; x_wconf 87' lang='lat' dir='ltr'>irarum</span> <span class='ocrx_word' id='word_1_8' title='bbox 505 371 634 419; x_wconf 80' lang='lat' dir='ltr'>atque</span> <span class='ocrx_word' id='word_1_9' title='bbox 651 363 854 402; x_wconf 79' lang='lat' dir='ltr'>timorum</span> <span class='ocrx_word' id='word_1_10' title='bbox 881 362 1006 402; x_wconf 85' lang='lat' dir='ltr'>istius</span> <span class='ocrx_word' id='word_1_11' title='bbox 1026 361 1360 403; x_wconf 80' lang='lat' dir='ltr'>reformatorum</span> <span class='ocrx_word' id='word_1_12' title='bbox 1384 363 1601 415; x_wconf 69' lang='lat' dir='ltr'>factionis,</span> 
     </span>
     <span class='ocr_line' id='line_1_3' title="bbox 113 438 1203 482; baseline -0.004 0"><span class='ocrx_word' id='word_1_13' title='bbox 113 455 165 481; x_wconf 83' lang='lat' dir='ltr'>ex</span> <span class='ocrx_word' id='word_1_14' title='bbox 188 440 534 482; x_wconf 83' lang='lat' dir='ltr'>Universitatuni</span> <span class='ocrx_word' id='word_1_15' title='bbox 560 438 687 479; x_wconf 87' lang='lat' dir='ltr'>modo</span> <span class='ocrx_word' id='word_1_16' title='bbox 718 447 915 479; x_wconf 84' lang='lat' dir='ltr'>natarum</span> <span class='ocrx_word' id='word_1_17' title='bbox 945 438 1043 478; x_wconf 87' lang='lat' dir='ltr'>sinu</span> <span class='ocrx_word' id='word_1_18' title='bbox 1067 447 1203 478; x_wconf 73' lang='lat' dir='ltr'>ortae.</span> 
     </span>
     <span class='ocr_line' id='line_1_4' title="bbox 173 515 1607 573; baseline 0 -15"><span class='ocrx_word' id='word_1_19' title='bbox 173 517 344 558; x_wconf 74' lang='lat' dir='ltr'>Aestiva</span> <span class='ocrx_word' id='word_1_20' title='bbox 380 516 565 573; x_wconf 78' lang='lat' dir='ltr'>quadam</span> <span class='ocrx_word' id='word_1_21' title='bbox 608 515 677 556; x_wconf 89' lang='lat' dir='ltr'>die</span> <span class='ocrx_word' id='word_1_22' title='bbox 719 530 873 555; x_wconf 71' lang='lat' dir='ltr'>serena</span> <span class='ocrx_word' id='word_1_23' title='bbox 917 530 1030 568; x_wconf 22' lang='lat' dir='ltr'>&amp;uam</span> <span class='ocrx_word' id='word_1_24' title='bbox 1064 515 1214 555; x_wconf 82' lang='lat' dir='ltr'>eadem</span> <span class='ocrx_word' id='word_1_25' title='bbox 1257 533 1430 573; x_wconf 82' lang='lat' dir='ltr'>semper</span> <span class='ocrx_word' id='word_1_26' title='bbox 1471 518 1607 558; x_wconf 85' lang='lat' dir='ltr'>utitur</span> 
     </span>
     <span class='ocr_line' id='line_1_5' title="bbox 114 591 1494 650; baseline -0.001 -15"><span class='ocrx_word' id='word_1_27' title='bbox 114 593 367 635; x_wconf 85' lang='lat' dir='ltr'>oeconomia</span> <span class='ocrx_word' id='word_1_28' title='bbox 392 594 462 635; x_wconf 80' lang='lat' dir='ltr'>W.</span> <span class='ocrx_word' id='word_1_29' title='bbox 488 591 723 649; x_wconf 80' lang='lat' dir='ltr'>Mappius)‚</span> <span class='ocrx_word' id='word_1_30' title='bbox 751 591 830 631; x_wconf 87' lang='lat' dir='ltr'>sub</span> <span class='ocrx_word' id='word_1_31' title='bbox 853 591 1010 632; x_wconf 85' lang='lat' dir='ltr'>arbore</span> <span class='ocrx_word' id='word_1_32' title='bbox 1041 592 1305 633; x_wconf 81' lang='lat' dir='ltr'>recubuerat</span> <span class='ocrx_word' id='word_1_33' title='bbox 1333 603 1460 650; x_wconf 81' lang='lat' dir='ltr'>poeta</span> <span class='ocrx_word' id='word_1_34' title='bbox 1487 611 1494 634; x_wconf 79' lang='lat'>1</span> 
     </span>
     <span class='ocr_line' id='line_1_6' title="bbox 392 703 1081 748; baseline -0.004 -9"><span class='ocrx_word' id='word_1_35' title='bbox 392 706 423 738; x_wconf 86' lang='lat' dir='ltr'><strong>A</strong></span> <span class='ocrx_word' id='word_1_36' title='bbox 443 713 549 739; x_wconf 76' lang='lat' dir='ltr'>tauro</span> <span class='ocrx_word' id='word_1_37' title='bbox 566 704 710 737; x_wconf 80' lang='lat' dir='ltr'>torrida</span> <span class='ocrx_word' id='word_1_38' title='bbox 733 704 905 748; x_wconf 83' lang='lat' dir='ltr'>lampade</span> <span class='ocrx_word' id='word_1_39' title='bbox 928 703 1081 748; x_wconf 63' lang='lat' dir='ltr'>Cynthii</span> 
     </span>
     <span class='ocr_line' id='line_1_7' title="bbox 399 760 1067 804; baseline 0 -10"><span class='ocrx_word' id='word_1_40' title='bbox 399 762 589 794; x_wconf 74' lang='lat' dir='ltr'>Fundente</span> <span class='ocrx_word' id='word_1_41' title='bbox 607 760 732 804; x_wconf 70' lang='lat' dir='ltr'>jacula</span> <span class='ocrx_word' id='word_1_42' title='bbox 756 760 934 792; x_wconf 66' lang='lat' dir='ltr'>ferventis</span> <span class='ocrx_word' id='word_1_43' title='bbox 958 761 1067 794; x_wconf 83' lang='lat' dir='ltr'>radii.</span> 
     </span>
     <span class='ocr_line' id='line_1_8' title="bbox 398 815 1094 853; baseline -0.003 -3"><span class='ocrx_word' id='word_1_44' title='bbox 398 817 607 850; x_wconf 66' lang='lat' dir='ltr'>[nibrosas</span> <span class='ocrx_word' id='word_1_45' title='bbox 631 816 795 849; x_wconf 82' lang='lat' dir='ltr'>nemoris</span> <span class='ocrx_word' id='word_1_46' title='bbox 820 815 986 848; x_wconf 75' lang='lat' dir='ltr'>latebras</span> <span class='ocrx_word' id='word_1_47' title='bbox 1006 817 1094 853; x_wconf 79' lang='lat' dir='ltr'>adii,</span> 
     </span>
     <span class='ocr_line' id='line_1_9' title="bbox 400 872 1127 918; baseline -0.003 -12"><span class='ocrx_word' id='word_1_48' title='bbox 400 873 611 918; x_wconf 75' lang='lat' dir='ltr'>Exploraus</span> <span class='ocrx_word' id='word_1_49' title='bbox 630 873 789 913; x_wconf 66' lang='lat' dir='ltr'>gratiam</span> <span class='ocrx_word' id='word_1_50' title='bbox 811 872 906 905; x_wconf 71' lang='lat' dir='ltr'>leuis</span> <span class='ocrx_word' id='word_1_51' title='bbox 932 873 1079 905; x_wconf 77' lang='lat' dir='ltr'>Favonii</span> <span class='ocrx_word' id='word_1_52' title='bbox 1104 875 1127 904; x_wconf 81' lang='lat'>¹.</span> 
     </span>
     <span class='ocr_line' id='line_1_10' title="bbox 175 974 1607 1033; baseline 0.002 -18"><span class='ocrx_word' id='word_1_53' title='bbox 175 976 257 1015; x_wconf 88' lang='lat' dir='ltr'>Per</span> <span class='ocrx_word' id='word_1_54' title='bbox 299 989 501 1015; x_wconf 88' lang='lat' dir='ltr'>somnum</span> <span class='ocrx_word' id='word_1_55' title='bbox 543 990 565 1014; x_wconf 88' lang='lat' dir='ltr'>a</span> <span class='ocrx_word' id='word_1_56' title='bbox 600 981 751 1014; x_wconf 88' lang='lat' dir='ltr'>sancto</span> <span class='ocrx_word' id='word_1_57' title='bbox 793 974 957 1013; x_wconf 88' lang='lat' dir='ltr'>Joanne</span> <span class='ocrx_word' id='word_1_58' title='bbox 996 982 1190 1024; x_wconf 89' lang='lat' dir='ltr'>vocatur,</span> <span class='ocrx_word' id='word_1_59' title='bbox 1238 975 1516 1033; x_wconf 79' lang='lat' dir='ltr'>trahiturque</span> <span class='ocrx_word' id='word_1_60' title='bbox 1563 977 1607 1018; x_wconf 88' lang='lat' dir='ltr'>in</span> 
     </span>
     <span class='ocr_line' id='line_1_11' title="bbox 117 1050 1604 1108; baseline 0 -15"><span class='ocrx_word' id='word_1_61' title='bbox 117 1051 338 1093; x_wconf 87' lang='lat' dir='ltr'>coelorum</span> <span class='ocrx_word' id='word_1_62' title='bbox 379 1050 562 1095; x_wconf 79' lang='lat' dir='ltr'>aditum,</span> <span class='ocrx_word' id='word_1_63' title='bbox 595 1051 669 1090; x_wconf 90' lang='lat' dir='ltr'>ubi</span> <span class='ocrx_word' id='word_1_64' title='bbox 714 1050 926 1108; x_wconf 79' lang='lat' dir='ltr'>fulgentia</span> <span class='ocrx_word' id='word_1_65' title='bbox 966 1050 1085 1091; x_wconf 75' lang='lat' dir='ltr'>videt</span> <span class='ocrx_word' id='word_1_66' title='bbox 1119 1059 1287 1107; x_wconf 82' lang='lat' dir='ltr'>septem</span> <span class='ocrx_word' id='word_1_67' title='bbox 1321 1051 1604 1102; x_wconf 87' lang='lat' dir='ltr'>candelabra,</span> 
     </span>
     <span class='ocr_line' id='line_1_12' title="bbox 117 1127 1608 1187; baseline 0.001 -18"><span class='ocrx_word' id='word_1_68' title='bbox 117 1128 328 1185; x_wconf 82' lang='lat' dir='ltr'>auditque</span> <span class='ocrx_word' id='word_1_69' title='bbox 349 1129 475 1170; x_wconf 87' lang='lat' dir='ltr'>tubas</span> <span class='ocrx_word' id='word_1_70' title='bbox 505 1127 797 1184; x_wconf 72' lang='lat' dir='ltr'>Apoealypsis</span> <span class='ocrx_word' id='word_1_71' title='bbox 820 1128 1089 1169; x_wconf 81' lang='lat' dir='ltr'>intonantes.</span> <span class='ocrx_word' id='word_1_72' title='bbox 1122 1129 1245 1168; x_wconf 90' lang='lat' dir='ltr'>Tunc</span> <span class='ocrx_word' id='word_1_73' title='bbox 1267 1129 1449 1187; x_wconf 79' lang='lat' dir='ltr'>angelus</span> <span class='ocrx_word' id='word_1_74' title='bbox 1475 1145 1608 1186; x_wconf 88' lang='lat' dir='ltr'>appa-</span> 
     </span>
    </p>
   </div>
   <div class='ocr_carea' id='block_1_3' title="bbox 116 1220 1088 1308">
    <p class='ocr_par' dir='ltr' id='par_1_3' title="bbox 116 1220 1088 1308">
     <span class='ocr_line' id='line_1_13' title="bbox 116 1220 235 1257; baseline 0 -11"><span class='ocrx_word' id='word_1_75' title='bbox 116 1220 235 1257; x_wconf 88' lang='lat' dir='ltr'>rens,</span> 
     </span>
     <span class='ocr_line' id='line_1_14' title="bbox 401 1263 1088 1308; baseline -0.006 -10"><span class='ocrx_word' id='word_1_76' title='bbox 401 1290 473 1298; x_wconf 92' lang='grc'>.....</span> <span class='ocrx_word' id='word_1_77' title='bbox 490 1264 682 1308; x_wconf 83' lang='lat' dir='ltr'>apposuit,</span> <span class='ocrx_word' id='word_1_78' title='bbox 703 1276 785 1296; x_wconf 91' lang='lat' dir='ltr'>cum</span> <span class='ocrx_word' id='word_1_79' title='bbox 809 1270 950 1308; x_wconf 75' lang='lat' dir='ltr'>septem</span> <span class='ocrx_word' id='word_1_80' title='bbox 970 1263 1088 1296; x_wconf 68' lang='lat' dir='ltr'>titulis</span> 
     </span>
    </p>
   </div>
   <div class='ocr_carea' id='block_1_4' title="bbox 116 1319 1611 1745">
    <p class='ocr_par' dir='ltr' id='par_1_4' title="bbox 399 1319 1180 1365">
     <span class='ocr_line' id='line_1_15' title="bbox 399 1319 1180 1365; baseline -0.001 -12"><span class='ocrx_word' id='word_1_81' title='bbox 399 1321 595 1364; x_wconf 72' lang='lat' dir='ltr'>Signatum</span> <span class='ocrx_word' id='word_1_82' title='bbox 613 1320 779 1352; x_wconf 74' lang='lat' dir='ltr'>codicem</span> <span class='ocrx_word' id='word_1_83' title='bbox 803 1326 945 1364; x_wconf 69' lang='lat' dir='ltr'>septem</span> <span class='ocrx_word' id='word_1_84' title='bbox 960 1319 1180 1365; x_wconf 75' lang='lat' dir='ltr'>signaculis⁷</span> 
     </span>
    </p>

    <p class='ocr_par' dir='ltr' id='par_1_5' title="bbox 400 1376 1112 1420">
     <span class='ocr_line' id='line_1_16' title="bbox 400 1376 1112 1420; baseline -0.001 -12"><span class='ocrx_word' id='word_1_85' title='bbox 400 1377 558 1409; x_wconf 66' lang='lat' dir='ltr'>Dicens:</span> <span class='ocrx_word' id='word_1_86' title='bbox 580 1390 597 1407; x_wconf 69' lang='grc' dir='ltr'>ι(</span> <span class='ocrx_word' id='word_1_87' title='bbox 619 1376 793 1420; x_wconf 69' lang='lat' dir='ltr'>Aspicias</span> <span class='ocrx_word' id='word_1_88' title='bbox 817 1376 968 1408; x_wconf 74' lang='lat' dir='ltr'>intentis</span> <span class='ocrx_word' id='word_1_89' title='bbox 991 1376 1112 1409; x_wconf 77' lang='lat' dir='ltr'>oculis</span> 
     </span>
    </p>

    <p class='ocr_par' dir='ltr' id='par_1_6' title="bbox 116 1432 1611 1745">
     <span class='ocr_line' id='line_1_17' title="bbox 400 1432 1215 1473; baseline -0.002 -8"><span class='ocrx_word' id='word_1_90' title='bbox 400 1432 504 1473; x_wconf 82' lang='lat' dir='ltr'>Quae</span> <span class='ocrx_word' id='word_1_91' title='bbox 527 1439 612 1466; x_wconf 80' lang='lat' dir='ltr'>uota</span> <span class='ocrx_word' id='word_1_92' title='bbox 635 1432 749 1465; x_wconf 75' lang='lat' dir='ltr'>facias</span> <span class='ocrx_word' id='word_1_93' title='bbox 771 1439 959 1465; x_wconf 84' lang='lat' dir='ltr'>terrarum</span> <span class='ocrx_word' id='word_1_94' title='bbox 982 1432 1172 1467; x_wconf 74' lang='lat' dir='ltr'>circulis2.</span> <span class='ocrx_word' id='word_1_95' title='bbox 1200 1446 1215 1464; x_wconf 86' lang='lat'>»</span> 
     </span>
     <span class='ocr_line' id='line_1_18' title="bbox 118 1533 1611 1592; baseline 0.001 -17"><span class='ocrx_word' id='word_1_96' title='bbox 118 1533 357 1576; x_wconf 86' lang='lat' dir='ltr'>Invisibilis</span> <span class='ocrx_word' id='word_1_97' title='bbox 386 1533 599 1590; x_wconf 83' lang='lat' dir='ltr'>quaedam</span> <span class='ocrx_word' id='word_1_98' title='bbox 629 1533 824 1589; x_wconf 85' lang='lat' dir='ltr'>potentia</span> <span class='ocrx_word' id='word_1_99' title='bbox 854 1534 1030 1592; x_wconf 84' lang='lat' dir='ltr'>signum</span> <span class='ocrx_word' id='word_1_100' title='bbox 1059 1533 1191 1590; x_wconf 76' lang='lat' dir='ltr'>fregit</span> <span class='ocrx_word' id='word_1_101' title='bbox 1218 1534 1451 1575; x_wconf 88' lang='lat' dir='ltr'>continens</span> <span class='ocrx_word' id='word_1_102' title='bbox 1480 1534 1611 1590; x_wconf 90' lang='lat' dir='ltr'>primi</span> 
     </span>
     <span class='ocr_line' id='line_1_19' title="bbox 116 1609 1611 1668; baseline 0 -16"><span class='ocrx_word' id='word_1_103' title='bbox 116 1610 219 1652; x_wconf 85' lang='lat' dir='ltr'>libri</span> <span class='ocrx_word' id='word_1_104' title='bbox 261 1610 385 1661; x_wconf 89' lang='lat' dir='ltr'>solia,</span> <span class='ocrx_word' id='word_1_105' title='bbox 424 1618 466 1651; x_wconf 85' lang='lat' dir='ltr'>et</span> <span class='ocrx_word' id='word_1_106' title='bbox 502 1611 573 1654; x_wconf 86' lang='lat' dir='ltr'>W.</span> <span class='ocrx_word' id='word_1_107' title='bbox 618 1610 824 1667; x_wconf 78' lang='lat' dir='ltr'>Mappius</span> <span class='ocrx_word' id='word_1_108' title='bbox 859 1610 1084 1667; x_wconf 85' lang='lat' dir='ltr'>perspexit</span> <span class='ocrx_word' id='word_1_109' title='bbox 1120 1609 1163 1651; x_wconf 92' lang='lat' dir='ltr'>in</span> <span class='ocrx_word' id='word_1_110' title='bbox 1199 1610 1373 1668; x_wconf 81' lang='lat' dir='ltr'>paginis</span> <span class='ocrx_word' id='word_1_111' title='bbox 1423 1619 1611 1668; x_wconf 87' lang='lat' dir='ltr'>quatuor</span> 
     </span>
     <span class='ocr_line' id='line_1_20' title="bbox 116 1687 1608 1745; baseline 0.001 -17"><span class='ocrx_word' id='word_1_112' title='bbox 116 1688 368 1729; x_wconf 89' lang='lat' dir='ltr'>animalium</span> <span class='ocrx_word' id='word_1_113' title='bbox 393 1687 571 1745; x_wconf 80' lang='lat' dir='ltr'>figuras,</span> <span class='ocrx_word' id='word_1_114' title='bbox 598 1687 738 1728; x_wconf 89' lang='lat' dir='ltr'>leonis</span> <span class='ocrx_word' id='word_1_115' title='bbox 769 1687 952 1737; x_wconf 90' lang='lat' dir='ltr'>scilicet,</span> <span class='ocrx_word' id='word_1_116' title='bbox 986 1687 1128 1738; x_wconf 84' lang='lat' dir='ltr'>vituli,</span> <span class='ocrx_word' id='word_1_117' title='bbox 1157 1687 1344 1744; x_wconf 91' lang='lat' dir='ltr'>aquilae,</span> <span class='ocrx_word' id='word_1_118' title='bbox 1370 1696 1412 1728; x_wconf 86' lang='lat' dir='ltr'>et</span> <span class='ocrx_word' id='word_1_119' title='bbox 1431 1688 1608 1729; x_wconf 89' lang='lat' dir='ltr'>tandem</span> 
     </span>
    </p>
   </div>
   <div class='ocr_carea' id='block_1_5' title="bbox 117 1764 1609 1822">
    <p class='ocr_par' dir='ltr' id='par_1_7' title="bbox 117 1764 1609 1822">
     <span class='ocr_line' id='line_1_21' title="bbox 117 1764 1609 1822; baseline 0 -16"><span class='ocrx_word' id='word_1_120' title='bbox 117 1765 242 1822; x_wconf 87' lang='lat' dir='ltr'>quasi</span> <span class='ocrx_word' id='word_1_121' title='bbox 269 1764 493 1821; x_wconf 86' lang='lat' dir='ltr'>harpyiae,</span> <span class='ocrx_word' id='word_1_122' title='bbox 530 1764 573 1804; x_wconf 90' lang='lat' dir='ltr'>in</span> <span class='ocrx_word' id='word_1_123' title='bbox 603 1780 688 1821; x_wconf 87' lang='lat' dir='ltr'>qua</span> <span class='ocrx_word' id='word_1_124' title='bbox 714 1764 906 1804; x_wconf 90' lang='lat' dir='ltr'>hominis</span> <span class='ocrx_word' id='word_1_125' title='bbox 935 1773 978 1805; x_wconf 91' lang='lat' dir='ltr'>et</span> <span class='ocrx_word' id='word_1_126' title='bbox 1004 1764 1126 1805; x_wconf 89' lang='lat' dir='ltr'>bruti</span> <span class='ocrx_word' id='word_1_127' title='bbox 1155 1764 1322 1806; x_wconf 87' lang='lat' dir='ltr'>formae</span> <span class='ocrx_word' id='word_1_128' title='bbox 1351 1765 1609 1806; x_wconf 84' lang='lat' dir='ltr'>commixtae</span> 
     </span>
    </p>
   </div>
   <div class='ocr_carea' id='block_1_6' title="bbox 115 1843 631 1898">
    <p class='ocr_par' dir='ltr' id='par_1_8' title="bbox 115 1843 631 1898">
     <span class='ocr_line' id='line_1_22' title="bbox 115 1843 631 1898; baseline -0.006 -15"><span class='ocrx_word' id='word_1_129' title='bbox 115 1851 252 1884; x_wconf 83' lang='lat' dir='ltr'>erant.</span> <span class='ocrx_word' id='word_1_130' title='bbox 287 1843 373 1883; x_wconf 90' lang='lat' dir='ltr'>Leo</span> <span class='ocrx_word' id='word_1_131' title='bbox 393 1857 504 1898; x_wconf 87' lang='lat' dir='ltr'>papa</span> <span class='ocrx_word' id='word_1_132' title='bbox 535 1849 600 1881; x_wconf 90' lang='lat' dir='ltr'>est</span> <span class='ocrx_word' id='word_1_133' title='bbox 624 1857 631 1880; x_wconf 91' lang='lat'>:</span> 
     </span>
    </p>
   </div>
   <div class='ocr_carea' id='block_1_7' title="bbox 352 1950 1280 2163">
    <p class='ocr_par' dir='ltr' id='par_1_9' title="bbox 353 1950 1092 1995">
     <span class='ocr_line' id='line_1_23' title="bbox 353 1950 1092 1995; baseline -0.001 -10"><span class='ocrx_word' id='word_1_134' title='bbox 353 1976 423 1985; x_wconf 92' lang='grc'><em>.....</em></span> <span class='ocrx_word' id='word_1_135' title='bbox 443 1951 610 1995; x_wconf 80' lang='lat' dir='ltr'>pontifex</span> <span class='ocrx_word' id='word_1_136' title='bbox 639 1962 820 1990; x_wconf 81' lang='lat' dir='ltr'>summus,</span> <span class='ocrx_word' id='word_1_137' title='bbox 840 1950 902 1995; x_wconf 89' lang='lat' dir='ltr'>qui</span> <span class='ocrx_word' id='word_1_138' title='bbox 925 1951 1092 1989; x_wconf 82' lang='lat' dir='ltr'>devorat,</span> 
     </span>
    </p>

    <p class='ocr_par' dir='ltr' id='par_1_10' title="bbox 352 2006 1182 2127">
     <span class='ocr_line' id='line_1_24' title="bbox 353 2006 1140 2051; baseline 0.003 -12"><span class='ocrx_word' id='word_1_139' title='bbox 353 2008 426 2048; x_wconf 90' lang='lat' dir='ltr'>Qui</span> <span class='ocrx_word' id='word_1_140' title='bbox 446 2006 566 2040; x_wconf 71' lang='lat' dir='ltr'>libras</span> <span class='ocrx_word' id='word_1_141' title='bbox 589 2007 735 2049; x_wconf 36' lang='lat' dir='ltr'>sitien&amp;</span> <span class='ocrx_word' id='word_1_142' title='bbox 757 2006 878 2040; x_wconf 81' lang='lat' dir='ltr'>libros</span> <span class='ocrx_word' id='word_1_143' title='bbox 898 2007 1140 2051; x_wconf 81' lang='lat' dir='ltr'>impignorat,</span> 
     </span>
     <span class='ocr_line' id='line_1_25' title="bbox 352 2063 1182 2127; baseline 0.001 -31"><span class='ocrx_word' id='word_1_144' title='bbox 352 2063 515 2096; x_wconf 75' lang='lat' dir='ltr'>Marcam</span> <span class='ocrx_word' id='word_1_145' title='bbox 540 2063 763 2127; x_wconf 74' lang='lat' dir='ltr'>respiciens,</span> <span class='ocrx_word' id='word_1_146' title='bbox 790 2063 958 2096; x_wconf 80' lang='lat' dir='ltr'>Marcum</span> <span class='ocrx_word' id='word_1_147' title='bbox 983 2064 1182 2097; x_wconf 73' lang='lat' dir='ltr'>dedecorat</span> 
     </span>
    </p>

    <p class='ocr_par' dir='ltr' id='par_1_11' title="bbox 353 2119 1280 2163">
     <span class='ocr_line' id='line_1_26' title="bbox 353 2119 1280 2163; baseline 0.002 -11"><span class='ocrx_word' id='word_1_148' title='bbox 353 2119 393 2152; x_wconf 93' lang='lat' dir='ltr'>In</span> <span class='ocrx_word' id='word_1_149' title='bbox 413 2119 568 2152; x_wconf 82' lang='lat' dir='ltr'>summis</span> <span class='ocrx_word' id='word_1_150' title='bbox 592 2119 795 2163; x_wconf 65' lang='lat' dir='ltr'>mavigans‘,</span> <span class='ocrx_word' id='word_1_151' title='bbox 821 2119 856 2152; x_wconf 89' lang='lat' dir='ltr'>in</span> <span class='ocrx_word' id='word_1_152' title='bbox 880 2120 1039 2152; x_wconf 71' lang='lat' dir='ltr'>nummis</span> <span class='ocrx_word' id='word_1_153' title='bbox 1063 2120 1280 2154; x_wconf 61' lang='lat' dir='ltr'>anchoratss.</span> 
     </span>
    </p>
   </div>
   <div class='ocr_carea' id='block_1_8' title="bbox 116 2219 1614 2662">
    <p class='ocr_par' dir='ltr' id='par_1_12' title="bbox 116 2219 1614 2662">
     <span class='ocr_line' id='line_1_27' title="bbox 180 2219 1614 2278; baseline 0.001 -18"><span class='ocrx_word' id='word_1_154' title='bbox 180 2219 397 2261; x_wconf 84' lang='lat' dir='ltr'>Pecuniae</span> <span class='ocrx_word' id='word_1_155' title='bbox 437 2237 581 2261; x_wconf 89' lang='lat' dir='ltr'>acrem</span> <span class='ocrx_word' id='word_1_156' title='bbox 617 2221 744 2261; x_wconf 91' lang='lat' dir='ltr'>istam</span> <span class='ocrx_word' id='word_1_157' title='bbox 778 2236 942 2271; x_wconf 85' lang='lat' dir='ltr'>curam,</span> <span class='ocrx_word' id='word_1_158' title='bbox 981 2238 1092 2278; x_wconf 89' lang='lat' dir='ltr'>quae</span> <span class='ocrx_word' id='word_1_159' title='bbox 1119 2223 1207 2278; x_wconf 87' lang='lat' dir='ltr'>jam</span> <span class='ocrx_word' id='word_1_160' title='bbox 1248 2220 1415 2262; x_wconf 89' lang='lat' dir='ltr'>ultimis</span> <span class='ocrx_word' id='word_1_161' title='bbox 1450 2220 1614 2262; x_wconf 85' lang='lat' dir='ltr'>saeculi</span> 
     </span>
     <span class='ocr_line' id='line_1_28' title="bbox 118 2294 1611 2355; baseline 0.002 -20"><span class='ocrx_word' id='word_1_162' title='bbox 118 2294 171 2335; x_wconf 68' lang='grc' dir='ltr'>Χιἱ</span> <span class='ocrx_word' id='word_1_163' title='bbox 209 2296 334 2337; x_wconf 89' lang='lat' dir='ltr'>annis</span> <span class='ocrx_word' id='word_1_164' title='bbox 362 2297 538 2354; x_wconf 84' lang='lat' dir='ltr'>paulum</span> <span class='ocrx_word' id='word_1_165' title='bbox 569 2297 887 2339; x_wconf 87' lang='lat' dir='ltr'>occidentalem</span> <span class='ocrx_word' id='word_1_166' title='bbox 917 2299 1139 2355; x_wconf 86' lang='lat' dir='ltr'>Europam</span> <span class='ocrx_word' id='word_1_167' title='bbox 1171 2306 1483 2347; x_wconf 84' lang='lat' dir='ltr'>commoverat,</span> <span class='ocrx_word' id='word_1_168' title='bbox 1518 2312 1611 2338; x_wconf 89' lang='lat' dir='ltr'>mo-</span> 
     </span>
     <span class='ocr_line' id='line_1_29' title="bbox 119 2374 1613 2431; baseline -0.001 -15"><span class='ocrx_word' id='word_1_169' title='bbox 119 2390 216 2416; x_wconf 88' lang='lat' dir='ltr'>rum</span> <span class='ocrx_word' id='word_1_170' title='bbox 239 2388 429 2430; x_wconf 91' lang='lat' dir='ltr'>quoque,</span> <span class='ocrx_word' id='word_1_171' title='bbox 446 2374 482 2415; x_wconf 89' lang='lat' dir='ltr'>si</span> <span class='ocrx_word' id='word_1_172' title='bbox 497 2375 570 2417; x_wconf 89' lang='lat' dir='ltr'>W.</span> <span class='ocrx_word' id='word_1_173' title='bbox 594 2375 774 2431; x_wconf 88' lang='lat' dir='ltr'>Mappio</span> <span class='ocrx_word' id='word_1_174' title='bbox 795 2374 1081 2426; x_wconf 87' lang='lat' dir='ltr'>credendum,</span> <span class='ocrx_word' id='word_1_175' title='bbox 1107 2375 1236 2416; x_wconf 88' lang='lat' dir='ltr'>citior</span> <span class='ocrx_word' id='word_1_176' title='bbox 1252 2374 1478 2416; x_wconf 90' lang='lat' dir='ltr'>inclinatio</span> <span class='ocrx_word' id='word_1_177' title='bbox 1495 2382 1613 2415; x_wconf 85' lang='lat' dir='ltr'>esset</span> 
     </span>
     <span class='ocr_line' id='line_1_30' title="bbox 117 2449 1612 2508; baseline -0.001 -16"><span class='ocrx_word' id='word_1_178' title='bbox 117 2458 371 2493; x_wconf 85' lang='lat' dir='ltr'>consecuta.</span> <span class='ocrx_word' id='word_1_179' title='bbox 409 2450 566 2492; x_wconf 86' lang='lat' dir='ltr'>Omnia</span> <span class='ocrx_word' id='word_1_180' title='bbox 601 2452 816 2508; x_wconf 88' lang='lat' dir='ltr'>pecuniae</span> <span class='ocrx_word' id='word_1_181' title='bbox 851 2451 1068 2508; x_wconf 69' lang='lat' dir='ltr'>cupiditas</span> <span class='ocrx_word' id='word_1_182' title='bbox 1097 2452 1292 2503; x_wconf 87' lang='lat' dir='ltr'>tenebat,</span> <span class='ocrx_word' id='word_1_183' title='bbox 1331 2451 1481 2492; x_wconf 83' lang='lat' dir='ltr'>eadem</span> <span class='ocrx_word' id='word_1_184' title='bbox 1519 2449 1612 2507; x_wconf 90' lang='lat' dir='ltr'>pel-</span> 
     </span>
     <span class='ocr_line' id='line_1_31' title="bbox 117 2527 1611 2586; baseline 0.001 -19"><span class='ocrx_word' id='word_1_185' title='bbox 117 2527 270 2568; x_wconf 86' lang='lat' dir='ltr'>lebant</span> <span class='ocrx_word' id='word_1_186' title='bbox 303 2542 409 2584; x_wconf 90' lang='lat' dir='ltr'>opes</span> <span class='ocrx_word' id='word_1_187' title='bbox 439 2527 599 2569; x_wconf 84' lang='lat' dir='ltr'>virtute</span> <span class='ocrx_word' id='word_1_188' title='bbox 629 2544 758 2586; x_wconf 89' lang='lat' dir='ltr'>quam</span> <span class='ocrx_word' id='word_1_189' title='bbox 792 2544 908 2570; x_wconf 91' lang='lat' dir='ltr'>nunc</span> <span class='ocrx_word' id='word_1_190' title='bbox 936 2529 1046 2586; x_wconf 89' lang='lat' dir='ltr'>ipsis</span> <span class='ocrx_word' id='word_1_191' title='bbox 1081 2528 1233 2586; x_wconf 92' lang='lat' dir='ltr'>opinio</span> <span class='ocrx_word' id='word_1_192' title='bbox 1266 2528 1437 2569; x_wconf 88' lang='lat' dir='ltr'>tribuit.</span> <span class='ocrx_word' id='word_1_193' title='bbox 1470 2528 1611 2580; x_wconf 88' lang='lat' dir='ltr'>Quam</span> 
     </span>
     <span class='ocr_line' id='line_1_32' title="bbox 116 2603 1613 2662; baseline 0 -17"><span class='ocrx_word' id='word_1_194' title='bbox 116 2603 248 2645; x_wconf 86' lang='lat' dir='ltr'>hodie</span> <span class='ocrx_word' id='word_1_195' title='bbox 287 2603 538 2660; x_wconf 84' lang='lat' dir='ltr'>vituperant</span> <span class='ocrx_word' id='word_1_196' title='bbox 576 2604 659 2646; x_wconf 87' lang='lat' dir='ltr'>viri</span> <span class='ocrx_word' id='word_1_197' title='bbox 712 2606 858 2662; x_wconf 87' lang='lat' dir='ltr'>asperi</span> <span class='ocrx_word' id='word_1_198' title='bbox 891 2621 938 2647; x_wconf 90' lang='lat' dir='ltr'>ac</span> <span class='ocrx_word' id='word_1_199' title='bbox 981 2606 1144 2646; x_wconf 87' lang='lat' dir='ltr'>morosi</span> <span class='ocrx_word' id='word_1_200' title='bbox 1178 2613 1349 2646; x_wconf 90' lang='lat' dir='ltr'>auctam</span> <span class='ocrx_word' id='word_1_201' title='bbox 1395 2603 1613 2662; x_wconf 84' lang='lat' dir='ltr'>paulatim</span> 
     </span>
    </p>
   </div>
   <div class='ocr_carea' id='block_1_9' title="bbox 163 2732 499 2867">
    <p class='ocr_par' dir='ltr' id='par_1_13' title="bbox 163 2732 499 2867">
     <span class='ocr_line' id='line_1_33' title="bbox 163 2732 499 2772; baseline 0.003 -11"><span class='ocrx_word' id='word_1_202' title='bbox 163 2732 195 2765; x_wconf 84' lang='lat'>1.</span> <span class='ocrx_word' id='word_1_203' title='bbox 219 2734 393 2770; x_wconf 76' lang='lat' dir='ltr'>poemata,</span> <span class='ocrx_word' id='word_1_204' title='bbox 413 2742 448 2772; x_wconf 90' lang='lat' dir='ltr'>p.</span> <span class='ocrx_word' id='word_1_205' title='bbox 471 2733 499 2762; x_wconf 87' lang='lat'>1.</span> 
     </span>
     <span class='ocr_line' id='line_1_34' title="bbox 166 2779 434 2820; baseline 0 -11"><span class='ocrx_word' id='word_1_206' title='bbox 166 2780 198 2812; x_wconf 84' lang='lat'>2.</span> <span class='ocrx_word' id='word_1_207' title='bbox 218 2779 320 2817; x_wconf 66' lang='lat' dir='ltr'>lbid„</span> <span class='ocrx_word' id='word_1_208' title='bbox 346 2790 380 2820; x_wconf 88' lang='lat' dir='ltr'>p.</span> <span class='ocrx_word' id='word_1_209' title='bbox 404 2781 434 2810; x_wconf 88' lang='grc'>6.</span> 
     </span>
     <span class='ocr_line' id='line_1_35' title="bbox 168 2827 497 2867; baseline 0 -10"><span class='ocrx_word' id='word_1_210' title='bbox 168 2827 199 2860; x_wconf 86' lang='grc'>3.</span> <span class='ocrx_word' id='word_1_211' title='bbox 216 2828 391 2864; x_wconf 81' lang='lat' dir='ltr'>Poemata,</span> <span class='ocrx_word' id='word_1_212' title='bbox 412 2837 448 2867; x_wconf 92' lang='lat' dir='ltr'>p.</span> <span class='ocrx_word' id='word_1_213' title='bbox 469 2829 497 2858; x_wconf 91' lang='lat'>7.</span> 
     </span>
    </p>
   </div>
  </div>
 </body>
</html>
