1873 3329
540 283 589 307 nt:
624 284 677 307 w.
718 283 873 308 MAl’l’to
910 281 1040 307 vomui
1478 276 1531 305 171

45 366 224 408 nulliter
245 367 348 407 citat
371 383 467 407 vum
494 376 697 424 tanquam
727 369 903 408 istarum
930 366 1158 405 satirarum
1181 374 1421 410 aucun-vm,
1451 366 1535 406 inu»

42 460 114 483 eas
143 443 336 484 tribuere
366 444 537 484 videtur
567 444 738 484 ruidam
769 443 940 488 (Iuliae,
975 442 1015 482 in
1053 458 1180 497 quem
1219 443 1534 482 cuntunu.·linsa

40 518 227 561 effundit
257 520 402 560 verba.
436 540 453 557 ι(
493 521 713 560 Parasitus
749 519 924 576 quidam
959 518 1109 558 (lulias
1146 519 1337 562 nomino,
1376 520 1535 559 uostris

41 595 198 637 diebus
232 596 467 654 gulositate
503 597 665 654 pariter
697 605 737 636 ot
772 596 1001 636 dicacitate
1039 595 1244 643 famosus,
1279 596 1352 651 qui
1385 596 1535 635 (julias

44 672 216 721 melius,
237 674 337 730 quia
359 673 485 731 gulae
504 686 544 714 et
564 673 765 730 crapulae
785 689 862 729 per
881 671 1025 712 omnia
1051 671 1241 720 deditus,
1265 671 1350 711 dici
1376 673 1533 728 potuit„

45 749 261 790 litteratus
285 759 429 791 tamen
453 750 634 794 affatim,
655 749 730 789 sed
756 766 833 789 nee
859 750 968 788 bene
987 748 1292 806 morigeratus,
1315 765 1391 789 nee
1410 750 1535 789 bonis

43 826 294 883 disciplinis
332 827 604 877 informatus,
637 827 678 867 in
709 828 869 882 Papam
906 836 947 866 et
977 826 1152 867 Curiam
1183 842 1405 866 romanam
1442 842 1535 866 ear-

45 903 158 943 mina
188 903 348 944 famosa
373 904 539 960 pluries
568 912 609 943 et
634 903 820 960 plurima
846 911 928 942 tam
962 903 1140 943 metrica
1169 918 1298 959 quam
1323 903 1534 959 rytlunica

43 995 129 1020 non
173 981 315 1021 minus
352 980 632 1037 impudenter
660 996 786 1036 quam
819 979 1123 1035 imprudenter
1158 980 1392 1019 ev‹›muit¹.
1427 998 1445 1017 »

99 1057 249 1097 Trium
285 1056 458 1097 illarum
497 1057 717 1097 rationum
762 1072 889 1097 unam
920 1072 1006 1096 non
1056 1056 1232 1113 longius
1264 1056 1532 1104 refellemus,

41 1134 256 1189 quaejam
287 1133 328 1174 in
353 1133 527 1191 paginis
561 1133 866 1190 superioribus
899 1133 1002 1173 satis
1035 1132 1257 1173 confutata
1289 1133 1344 1173 sit
1370 1149 1376 1171 :
1405 1149 1533 1189 supra

40 1210 156 1250 enim
180 1210 353 1251 abunde
383 1210 700 1267 descripsimus
723 1210 794 1252 XV.
821 1210 1065 1266 Mappium,
1091 1218 1183 1250 tum
1206 1209 1345 1249 virum
1376 1209 1534 1250 litteris

43 1286 258 1327 imbutum
292 1302 527 1344 rerumque
551 1287 703 1327 aetatis
733 1302 834 1327 suae
863 1286 979 1326 haud
1001 1295 1118 1327 certe
1148 1286 1418 1342 imperitum,
1444 1295 1533 1326 tum

41 1363 216 1404 virtutis
256 1364 532 1421 magistrum,
577 1364 818 1420 asperrima
866 1363 1060 1403 convicia
1108 1363 1196 1403 sale
1239 1363 1534 1403 urbanissimo

43 1449 367 1497 aspergentem.
402 1440 604 1482 Secunda
638 1449 679 1481 et
709 1441 839 1481 tertia
868 1456 1042 1497 quoque
1072 1440 1182 1481 ratio
1211 1439 1356 1489 allata,
1389 1441 1534 1496 speci(-

43 1516 237 1572 quidem‚
281 1534 368 1558 non
413 1527 555 1559 autem
604 1534 649 1558 r(-
696 1518 862 1558 firmior
904 1525 983 1558 est.
1032 1517 1205 1557 Giraldi
1252 1517 1534 1557 Cambrensis

41 1593 171 1634 verba
218 1593 329 1635 ultra
379 1610 553 1635 sensum
599 1594 841 1635 naturalem
887 1602 1008 1634 aucta
1053 1602 1176 1643 sunt;
1227 1593 1341 1634 idem
1383 1593 1534 1635 (licen-

42 1669 142 1711 dum
183 1671 235 1712 de
276 1680 497 1712 momento
536 1672 770 1712 verborum
812 1671 972 1728 quibus
1012 1671 1209 1728 loquitur
1250 1670 1303 1711 de
1345 1671 1532 1728 quodam

38 1747 110 1790 W.
150 1749 316 1806 Mappii
356 1764 489 1805 opere
530 1748 647 1805 quod
686 1749 884 1789 nominat
915 1766 934 1787 «
967 1748 1132 1788 dictum
1167 1765 1203 1788 ».
1237 1748 1349 1789 Ante
1387 1748 1532 1788 omnia

37 1824 247 1866 affirmari
283 1841 368 1866 non
410 1835 557 1883 potest
589 1842 685 1866 eum
722 1825 774 1866 de
812 1825 909 1866 istis
944 1826 1015 1868 W.
1051 1825 1218 1882 Mappii
1253 1826 1400 1866 satiris
1436 1825 1533 1866 nul-

38 1899 125 1941 lum
166 1903 346 1943 verbum
388 1903 551 1953 saeere;
602 1904 687 1943 imo
732 1903 850 1959 ipsas
886 1902 993 1942 citat
1038 1911 1082 1942 ut
1123 1918 1233 1959 opus
1274 1903 1353 1943 viri
1391 1920 1411 1941 «
1448 1902 1532 1942 lin-

38 1993 149 2034 guae
187 1978 368 2030 dicacis,
394 1979 671 2037 eloquentiae
701 1979 899 2036 grandis,
931 1979 1006 2035 qui
1034 1978 1210 2020 illorum
1247 1988 1289 2020 et
1323 1979 1530 2019 similium

41 2055 308 2113 suggillabat
343 2056 566 2097 avaritiam
600 2056 941 2113 episcoporum²
980 2073 1018 2096 ».
1056 2056 1225 2096 Deinde
1268 2073 1288 2095 «
1323 2055 1473 2097 Golias
1510 2074 1529 2094 »

40 2146 261 2188 nunquam
315 2133 434 2175 aliud
478 2133 559 2174 suit
605 2149 734 2190 quam
773 2148 931 2173 nomen
985 2132 1149 2173 fictum.
1195 2134 1242 2173 In
1293 2148 1425 2190 opere
1475 2134 1533 2173 De

39 2208 180 2265 Nugc's
213 2210 284 2253 W.
323 2210 527 2267 Mappius
563 2209 698 2251 refert
732 2226 866 2267 pauca
902 2210 1032 2251 verba
1065 2210 1276 2267 epistolae
1305 2209 1531 2265 cujusdam

40 2286 179 2328 sancti
229 2287 468 2337 Bernardi,
518 2287 559 2327 in
608 2287 769 2344 quibus
815 2287 1062 2328 Abelardus
1102 2286 1261 2327 -Goliae
1314 2287 1529 2343 superbo,

38 2363 155 2403 claro
188 2362 304 2420 apud
339 2363 499 2405 biblica
535 2364 697 2421 scripta
733 2364 922 2423 giganti,
947 2364 1269 2420 compa1²atur³.
1303 2364 1391 2404 Cur
1427 2379 1532 2420 ergo

37 2440 107 2482 w.
145 2439 326 2496 Mappio
365 2456 451 2481 non
482 2440 622 2481 visum
670 2449 788 2481 esset
828 2440 981 2482 Goliae
1023 2456 1257 2496 personam
1299 2440 1534 2481 in(luere⁴';'

35 2516 178 2558 Verba
214 2516 386 2557 (iit-aldi
419 2518 702 2558 cambrensis
735 2517 864 2558 allata
893 2517 1029 2559 ullum
1064 2517 1172 2558 certi
1209 2518 1402 2558 nominis
1432 2533 1532 2557 auc-

78 2651 107 2682 1.
134 2652 313 2693 Speculum
341 2652 527 2682 Ecclesiae.
556 2653 664 2683 Locus
691 2653 819 2683 citatus
849 2653 881 2683 in
910 2653 1164 2683 Introduc—tione
1191 2654 1239 2682 ad
1262 2653 1395 2693 Mappii
1424 2652 1531 2682 latina

32 2702 203 2739 poemata.
229 2700 282 2731 ed.
307 2699 461 2739 Wright.

78 2747 106 2776 2.
127 2747 163 2777 P.
180 2748 232 2777 38.

79 2795 107 2823 3.
130 2796 176 2824 Ι)ε
197 2794 316 2835 Nugis„
333 2805 366 2834 p.
385 2795 433 2824 'i'l.
451 2795 566 2825 Sancti
591 2795 757 2824 Bernardi
783 2794 908 2834 Epist„
925 2795 1124 2830 CLXXXIX,
1141 2796 1205 2825 eol.
1232 2795 1321 2831 wlff,
1342 2794 1531 2824 e‹li1..161⁴2.

79 2841 109 2871 li.
127 2842 322 2872 eanonicus
339 2842 566 2872 Rothenwald
583 2842 698 2882 ipsum
715 2847 815 2872 vocat
831 2841 950 2872 Goliae
965 2842 1190 2881 discipulum.
1209 2842 1290 2871 vide
1310 2841 1456 2881 Wright.
1480 2841 1532 2871 ed.
