1873 3329
0 0 185 134 Γ,

0 140 10 169 Ρ

368 316 417 341 DE
454 316 617 342 nomm}
652 317 700 342 Ac
737 318 787 342 DE
823 317 988 343 Vltimus
1023 318 1321 343 cociTATles
1543 316 1582 344 93

94 410 214 443 notat
241 401 479 458 diligenter
508 418 555 442 ac
586 402 700 442 clarc
733 402 971 444 NValterius
1001 404 1223 460 Mappius,
1250 412 1430 460 propter
1453 420 1578 460 quae,

90 478 260 519 docimo
282 487 403 518 sexto
427 479 617 526 saeculo,
653 478 895 519 catholicae
927 479 1148 519 Ecclesiae
1189 480 1457 520 1{‹·1'‹›1-mati‹›
1489 480 1577 522 fiet.

92 555 188 596 Non
227 554 475 595 dissimulat
516 555 755 598 NValtcrius
798 555 978 596 Romam
1019 556 1152 605 illam,
1187 556 1454 597 christiana(-
1487 556 1583 597 reli-

93 630 237 688 gionis
274 640 420 688 caput,
467 648 552 672 non
595 632 678 672 sibi
721 641 889 690 gratam
927 648 1045 676 csse:
1094 632 1170 672 sed
1223 632 1366 673 laudat
1416 634 1582 690 Anglos

94 707 193 748 illos
233 709 330 764 pios
365 709 439 766 qui
487 708 698 749 malorum
742 725 866 749 suum
916 708 1157 749 remedium
1193 710 1234 750 in
1275 710 1454 766 templis
1494 711 1582 750 suis

95 793 138 826 et
179 785 294 842 apud
342 786 507 842 patrios
561 786 744 827 Sanctus
786 786 1030 843 requirant,
1074 802 1160 826 non
1196 786 1308 826 ultra
1351 786 1483 827 maria
1537 803 1583 827 ac

97 870 284 908 montes,
334 862 513 911 Romae,
553 864 675 918 juxta
723 863 842 903 Petri
893 878 939 902 ac
987 862 1111 904 Pauli
1164 863 1406 912 tumulos¹3
1449 889 1506 895 ——-
1544 872 1585 904 et

96 939 257 998 gaudet
280 939 626 980 animadvertere
650 939 831 980 Romam
854 955 939 979 non
961 948 1045 980 tam
1065 941 1361 981 Romanorum
1381 941 1585 999 ingenuis

96 1032 143 1056 ac
164 1031 263 1056 vere
287 1015 409 1056 novis
432 1016 626 1056 moribus
649 1024 796 1056 notam
827 1032 938 1067 esse,
978 1032 1108 1073 quam
1138 1017 1291 1074 populi
1324 1017 1452 1074 hujus
1484 1017 1586 1058 luxu

95 1101 225 1150 atque
266 1092 443 1134 licentia
484 1093 559 1150 qui
592 1101 809 1134 terrarum
844 1094 994 1134 orbem
1037 1094 1156 1134 omni
1193 1094 1323 1134 modo
1354 1095 1523 1135 vexavit
1546 1102 1588 1135 ct

95 1168 386 1226 exspoliavit:
412 1188 431 1208 «
466 1171 556 1210 IIoc
587 1170 702 1210 enim
739 1185 899 1211 nomen
927 1170 1067 1211 Roma
1098 1187 1149 1211 ex
1183 1172 1361 1212 avaritia
1397 1187 1588 1228 suaeque

96 1245 378 1287 diffinitionis
402 1246 612 1287 formatur
633 1246 884 1304 principiis,
913 1246 958 1287 fit
982 1248 1099 1288 enim
1123 1249 1226 1289 exR
1249 1257 1291 1289 et
1314 1249 1349 1289 O
1373 1257 1413 1289 et
1430 1249 1472 1289 M
1496 1256 1537 1288 ct
1554 1248 1588 1289 A

97 1331 139 1364 et
166 1322 374 1364 diffinitio
413 1335 509 1365 eum
543 1324 652 1380 ipsa,
680 1323 802 1364 radix
834 1325 1029 1365 omnium
1065 1324 1276 1365 malorum
1310 1325 1516 1366 avaritia²
1548 1344 1584 1364 ».

100 1400 271 1442 Scimus
303 1409 403 1457 post
432 1400 602 1441 saecula
637 1409 736 1441 octo
770 1401 923 1441 viatori
953 1401 1143 1448 cuidam,
1172 1402 1344 1442 sincero
1376 1418 1423 1442 ac
1451 1401 1589 1458 polito

98 1477 284 1527 homini,
328 1492 425 1517 cum
466 1486 688 1534 sperasset
729 1494 773 1518 se
822 1478 863 1517 in
917 1478 1034 1519 Urbe
1082 1478 1311 1537 religionis
1354 1479 1496 1536 gratia
1542 1494 1589 1519 ac

99 1554 272 1610 poetico
319 1569 449 1595 sensu
490 1553 834 1610 permovendum
877 1570 987 1604 esse,
1026 1570 1112 1595 non
1145 1555 1346 1613 gothicas
1386 1555 1590 1596 basilicas

100 1630 270 1671 obviam
297 1630 448 1682 fuisse,
480 1631 556 1672 sed
581 1632 899 1673 Renovationis
921 1640 1119 1689 tempore
1156 1632 1271 1673 edita
1294 1632 1473 1689 templa,
1503 1648 1590 1673 non

99 1707 366 1749 christianos
401 1716 597 1759 ornatus,
630 1708 707 1749 sed
741 1724 959 1767 paganos;
1005 1709 1095 1766 qui,
1133 1725 1230 1750 cum
1264 1709 1396 1750 vellet
1430 1710 1590 1751 veteris

97 1785 310 1842 temporis
353 1801 593 1844 agnoscere
643 1786 847 1844 vestigia,
889 1786 991 1827 dum
1028 1787 1300 1843 pererrabat,
1345 1803 1424 1843 pro
1461 1787 1591 1828 circis

97 1861 293 1903 lanienas
322 1862 505 1911 invenit,
534 1878 613 1920 pro
649 1862 824 1920 palatiis
860 1863 1106 1920 lupanaria,
1138 1879 1284 1905 servos
1321 1864 1364 1904 in
1399 1863 1591 1905 macellis

99 1938 299 1980 venditos
322 1955 401 1996 pro
430 1938 551 1980 soris.
585 1940 675 1981 Nec
699 1939 745 1981 id
772 1939 988 1982 walterio
1021 1940 1126 1981 satis
1143 1949 1209 1982 est
1237 1957 1244 1981 :
1267 1940 1343 1982 sed
1364 1949 1406 1981 et
1427 1941 1591 1982 curiam

100 2015 211 2057 hanc
239 2016 523 2058 vehementer
546 2017 786 2058 insectatur
808 2033 938 2075 quam
964 2033 1058 2068 nos,
1091 2033 1186 2058 cum
1213 2019 1300 2074 jam
1332 2017 1450 2059 nulla
1472 2018 1592 2059 curia

101 2093 172 2141 sit,
203 2093 495 2134 verecundius
523 2094 687 2135 habere
716 2094 944 2135 debemus.
979 2095 1075 2135 Non
1104 2103 1248 2135 autem
1277 2095 1394 2135 aliud
1427 2094 1592 2136 crimen

101 2169 140 2211 ei
180 2169 336 2211 indicit
378 2186 506 2227 quam
547 2170 752 2228 aequales
777 2170 1033 2212 indicebant
1070 2188 1078 2212 :
1116 2187 1217 2212 nam
1261 2171 1459 2213 venalem
1499 2187 1591 2212 eam

101 2261 197 2287 esse
230 2245 443 2297 declarat3
478 2247 568 2298 alii,
600 2247 676 2288 sed
711 2247 842 2305 long-e
871 2256 1040 2305 postea,
1078 2248 1160 2289 alia
1198 2248 1254 2288 ob
1282 2248 1464 2289 crimina
1499 2264 1593 2289 eam

102 2322 410 2379 increpabunt.
443 2323 572 2376 Quod
613 2332 755 2365 autem
784 2324 1074 2382 reprehendit
1098 2324 1356 2373 W'alterius,
1383 2324 1427 2366 id
1466 2324 1593 2365 nobis

100 2414 231 2457 grave
253 2415 348 2441 esse
370 2400 541 2442 videtur
569 2418 575 2440 :
602 2416 682 2441 nce
706 2401 822 2441 enim
841 2402 1076 2459 ignorabat
1097 2401 1317 2459 quomodo
1340 2417 1409 2442 res
1430 2402 1593 2442 Romae

102 2491 146 2516 se
180 2476 397 2517 haberent
432 2478 608 2532 (scimus
649 2478 766 2518 enim
808 2493 907 2519 eum
948 2478 1113 2519 Romae
1154 2478 1288 2520 fuisse
1319 2478 1590 2537 delegatum,

103 2552 264 2593 scimus
287 2561 328 2594 et
357 2554 595 2595 Henricum
630 2555 665 2595 II
702 2570 832 2611 saepe
866 2555 1057 2595 nummis
1092 2554 1328 2596 dociliores
1362 2555 1590 2595 hominum

103 2637 270 2670 mentes
305 2629 491 2684 fecisse).
529 2631 735 2672 Ceterum
767 2630 967 2683 fabellae,
1000 2631 1218 2688 quidquid
1249 2631 1439 2672 affirmat
1474 2630 1594 2674 Wal-

101 2706 253 2756 terius,
288 2705 526 2766 diligenter
561 2707 887 2750 commendant.
921 2708 1008 2749 Aut
1046 2708 1184 2760 enim,
1222 2707 1325 2749 dum
1361 2708 1476 2764 apud
1509 2707 1590 2749 tri-

145 2824 175 2854 1.
197 2825 243 2854 De
264 2823 382 2866 Nugz's,
408 2835 443 2864 p.
465 2825 515 2854 81.

146 2871 176 2902 2.
198 2871 299 2908 naid„
325 2883 360 2913 p.
378 2873 429 2902 87.
