1842 3288
245 352 284 381 44·
737 356 789 381 DE
822 357 1045 383 WALTEnlo
1081 358 1236 383 MAPPIO

248 441 468 482 commisit
499 450 541 481 ut
576 442 959 499 archiepiscopum
989 443 1353 485 Cantuariensem
1385 445 1481 499 jura
1511 443 1732 484 Ecclesiae

249 527 444 558 tuentem
470 527 748 574 sequeretur:
776 519 877 559 totis
903 528 1055 560 eontra
1083 520 1249 560 viribus
1279 519 1425 560 enisus
1453 529 1517 561 est
1545 529 1592 561 ut
1620 522 1736 561 Hen-

249 595 337 635 rico
372 596 493 634 {ieret
524 595 565 634 in
602 594 696 635 dies
727 596 982 654 gratiosior.
1018 597 1078 636 Ea
1107 596 1252 636 omnia
1280 611 1381 636 vero
1415 596 1614 652 proxima
1642 612 1736 637 esse

243 671 558 727 judicabimus,
591 671 626 712 si
648 672 841 712 animum
871 671 1189 713 attenderimus
1216 672 1268 713 ad
1297 672 1382 713 duo
1412 688 1521 729 quae
1549 673 1594 714 in
1623 673 1735 714 libro

249 749 307 787 De
328 747 474 804 .Nugis
503 747 723 805 leguntur.
752 749 831 789 Hic
861 749 977 789 enim
1007 757 1154 789 narrat
1182 750 1384 806 Mappius
1415 765 1459 790 se
1481 749 1534 790 de
1566 749 1734 790 civibus

248 825 336 863 suis
374 824 675 866 XYallensibus
719 841 815 865 eum
861 844 879 863 «
931 826 1059 866 beato
1100 826 1283 874 Thoma,
1328 835 1433 866 tunc
1473 825 1735 867 cancellario

246 901 424 941 Domini
459 902 543 942 mei
573 902 707 960 Regis
738 902 934 952 Henrici,
966 902 1136 943 scilicet
1168 902 1376 943 secundi¹
1417 921 1436 942 n
1473 918 1568 943 esse
1598 902 1734 943 collo-

246 986 418 1027 cutum3
443 978 513 1018 hic
531 978 744 1034 quaedam
768 978 900 1019 refert
919 979 962 1019 in
986 988 1182 1020 sanetum
1205 979 1481 1025 Bernardum
1504 979 1732 1020 maledicta

246 1055 406 1111 quibus
430 1055 632 1110 praebuit
654 1071 780 1096 aures
805 1073 824 1094 «
850 1055 952 1096 dum
976 1056 1168 1106 aderam,
1197 1057 1357 1113 inquit,
1384 1057 1428 1097 in
1452 1072 1602 1097 mensa
1629 1057 1734 1097 boni

246 1132 455 1179 Thomae,
486 1140 590 1172 tune
620 1132 941 1189 archiepiscopi
976 1133 1306 1174 Cantuariensis
1338 1151 1376 1173 >›.
1410 1134 1732 1175 Commercium

248 1208 383 1267 igitur
406 1209 596 1249 habebat
617 1210 822 1266 Mappius
845 1226 942 1250 eum
967 1210 1149 1259 Thoma,
1177 1210 1319 1250 adhue
1341 1209 1628 1260 eaneellario3
1648 1225 1734 1266 quo

246 1294 397 1341 postea
437 1286 863 1342 archiepiscopatum
898 1286 1058 1343 adepto
1093 1296 1180 1327 tam
1216 1287 1493 1328 familiariter
1527 1287 1731 1328 utebatur

202 1391 213 1397 ,
248 1371 292 1403 ut
323 1379 452 1418 saepe
487 1378 584 1403 cum
618 1363 692 1403 illo
724 1363 967 1404 collocutus
996 1365 1067 1414 sit,
1102 1363 1154 1404 ad
1183 1379 1362 1404 coenam
1398 1364 1450 1404 ab
1480 1379 1530 1404 eo
1555 1371 1732 1404 vocatus

249 1440 394 1488 suerit,
445 1439 645 1480 eumdem
687 1440 878 1496 denique
918 1441 1073 1480 bonum
1114 1440 1288 1487 dixerit,
1327 1439 1444 1498 quod
1473 1439 1732 1481 vocabulum

247 1516 445 1556 eonscrrc
487 1517 530 1557 in
571 1533 703 1557 unum
744 1517 1014 1558 Abelardum
1056 1517 1196 1558 solere
1236 1517 1480 1558 videbatur.
1524 1518 1587 1558 Ne
1627 1517 1732 1574 quid

244 1593 513 1640 omittamus,
553 1593 712 1634 addere
749 1594 874 1635 decet
914 1595 957 1634 in
993 1594 1107 1635 libro
1141 1595 1206 1635 De
1236 1594 1378 1652 Nugis
1412 1610 1435 1635 a
1467 1593 1648 1651 Mappio
1679 1610 1732 1635 ne

245 1671 515 1711 subobscure
548 1670 726 1727 quidem
758 1671 810 1712 de
846 1671 976 1711 caede
1012 1672 1206 1712 Thomae
1242 1671 1512 1712 mentionem
1546 1670 1657 1720 fieri,
1689 1679 1732 1712 et

246 1746 346 1787 inde
377 1756 495 1787 reete
523 1747 728 1788 concludi
757 1749 899 1804 ipsum
939 1763 1026 1789 non
1056 1764 1106 1788 eo
1142 1748 1447 1789 admirationis
1480 1748 1653 1789 venisse
1683 1757 1731 1788 ut

241 1824 351 1864 clam
368 1824 564 1881 palamve
586 1825 922 1882 archiepiscopo
945 1825 988 1865 in
1011 1825 1297 1866 contentione
1315 1833 1466 1866 contra
1489 1825 1727 1866 Henricum

241 1901 481 1942 seeundum
506 1901 647 1942 fautor
669 1902 858 1942 adesset.

966 2090 1002 2129 ΙΙ

296 2201 516 2258 Mappius,
554 2201 597 2241 in
633 2202 798 2258 regiam
842 2201 1021 2242 Henrici
1062 2217 1139 2258 per
1175 2201 1403 2252 Tholnam‚
1447 2210 1493 2242 ut
1532 2201 1722 2250 videtur,

239 2278 482 2337 ingressus,
519 2278 639 2318 brevi
675 2287 875 2334 tempore
910 2278 953 2318 in
990 2277 1123 2318 altum
1159 2294 1180 2318 a
1216 2279 1408 2319 Fortuna
1445 2279 1604 2319 missus
1641 2286 1720 2320 est.

238 2355 485 2412 Antequam
512 2364 654 2395 autem
685 2355 809 2395 illum
839 2370 1073 2411 sequamur
1102 2371 1210 2395 nova
1238 2354 1423 2396 consilia
1450 2355 1721 2406 molientem,

237 2440 278 2471 et
312 2431 450 2487 ipsius
492 2447 573 2488 ope
609 2431 830 2489 quomodo
866 2432 908 2471 in
948 2431 1303 2489 palatio-regum
1337 2431 1722 2489 Andegavensium

235 2507 413 2555 viveret,
453 2509 526 2564 qui
559 2507 722 2548 suerint
763 2508 906 2558 amici,
939 2507 1015 2565 qui
1041 2507 1283 2548 adversarii
1315 2508 1546 2565 scriptoris
1581 2507 1724 2549 nostri

235 2600 533 2641 exponamus3
583 2593 816 2642 antequam
863 2584 1060 2625 dicamus
1107 2600 1215 2641 quas
1262 2593 1409 2640 partes
1456 2585 1719 2642 impleverit,

235 2677 344 2718 quae
360 2677 541 2702 munera
564 2662 726 2703 obierit
748 2662 792 2702 in
813 2661 1079 2713 errabunda,
1099 2670 1250 2719 utpote
1275 2662 1343 2702 cui
1365 2678 1454 2703 non
1477 2678 1561 2703 una
1581 2662 1724 2719 patria

235 2747 365 2789 esset,
390 2738 605 2795 principis
630 2738 809 2788 familia,
836 2747 877 2779 et
899 2737 1151 2796 peragentis
1173 2754 1350 2780 cursum
1372 2738 1568 2797 vestigiis
1588 2737 1721 2780 insis-

277 2861 305 2891 1.
325 2863 370 2890 De
391 2860 509 2901 Xagiss³
531 2871 565 2900 p.
588 2862 638 2890 99.

274 2910 302 2938 2.
327 2908 426 2943 ll›id.,
449 2919 482 2948 p.
507 2909 558 2938 41.
