<?xml version="1.0" encoding="UTF-8"?>
<!DOCTYPE html PUBLIC "-//W3C//DTD XHTML 1.0 Transitional//EN"
    "http://www.w3.org/TR/xhtml1/DTD/xhtml1-transitional.dtd">
<html xmlns="http://www.w3.org/1999/xhtml" xml:lang="en" lang="en">
 <head>
  <title>
</title>
<meta http-equiv="Content-Type" content="text/html;charset=utf-8" />
  <meta name='ocr-system' content='tesseract 3.04.00' />
  <meta name='ocr-capabilities' content='ocr_page ocr_carea ocr_par ocr_line ocrx_word'/>
</head>
<body>
  <div class='ocr_page' id='page_1' title='image "./dewalteriomappio00barduoft_0133.png"; bbox 0 0 1873 3329; ppageno 0'>
   <div class='ocr_carea' id='block_1_1' title="bbox 368 394 1592 426">
    <p class='ocr_par' dir='ltr' id='par_1_1' title="bbox 368 394 1592 426">
     <span class='ocr_line' id='line_1_1' title="bbox 368 394 1592 426; baseline -0.003 0"><span class='ocrx_word' id='word_1_1' title='bbox 368 400 419 426; x_wconf 77' lang='grc' dir='ltr'>ΒΕ</span> <span class='ocrx_word' id='word_1_2' title='bbox 454 400 620 425; x_wconf 65' lang='lat' dir='ltr'>nomme</span> <span class='ocrx_word' id='word_1_3' title='bbox 654 401 703 426; x_wconf 74' lang='lat' dir='ltr'>Ac</span> <span class='ocrx_word' id='word_1_4' title='bbox 740 400 790 424; x_wconf 76' lang='lat' dir='ltr'>DE</span> <span class='ocrx_word' id='word_1_5' title='bbox 824 399 990 424; x_wconf 73' lang='lat' dir='ltr'>vtuluus</span> <span class='ocrx_word' id='word_1_6' title='bbox 1024 398 1323 424; x_wconf 65' lang='lat' dir='ltr'>cocerTioxls</span> <span class='ocrx_word' id='word_1_7' title='bbox 1534 394 1592 422; x_wconf 80' lang='grc'>117</span> 
     </span>
    </p>
   </div>
   <div class='ocr_carea' id='block_1_2' title="bbox 86 483 1590 2848">
    <p class='ocr_par' dir='ltr' id='par_1_2' title="bbox 88 483 1590 2454">
     <span class='ocr_line' id='line_1_2' title="bbox 99 483 1589 542; baseline -0.001 -16"><span class='ocrx_word' id='word_1_8' title='bbox 99 494 220 535; x_wconf 79' lang='lat' dir='ltr'>vunt,</span> <span class='ocrx_word' id='word_1_9' title='bbox 251 493 297 526; x_wconf 84' lang='lat' dir='ltr'>ut</span> <span class='ocrx_word' id='word_1_10' title='bbox 330 485 564 541; x_wconf 75' lang='lat' dir='ltr'>ejiciantur</span> <span class='ocrx_word' id='word_1_11' title='bbox 598 486 639 525; x_wconf 91' lang='lat' dir='ltr'>in</span> <span class='ocrx_word' id='word_1_12' title='bbox 673 500 872 541; x_wconf 87' lang='lat' dir='ltr'>campum</span> <span class='ocrx_word' id='word_1_13' title='bbox 910 484 1194 524; x_wconf 74' lang='lat' dir='ltr'>intermortua</span> <span class='ocrx_word' id='word_1_14' title='bbox 1231 483 1427 542; x_wconf 80' lang='lat' dir='ltr'>gramina</span> <span class='ocrx_word' id='word_1_15' title='bbox 1461 491 1589 539; x_wconf 82' lang='lat' dir='ltr'>atque</span> 
     </span>
     <span class='ocr_line' id='line_1_3' title="bbox 100 560 1589 619; baseline -0.003 -16"><span class='ocrx_word' id='word_1_16' title='bbox 100 562 305 603; x_wconf 81' lang='lat' dir='ltr'>festucae.</span> <span class='ocrx_word' id='word_1_17' title='bbox 339 563 510 619; x_wconf 70' lang='lat' dir='ltr'>Fatigat</span> <span class='ocrx_word' id='word_1_18' title='bbox 539 561 777 605; x_wconf 58' lang='lat' dir='ltr'>XValterius</span> <span class='ocrx_word' id='word_1_19' title='bbox 810 560 1033 608; x_wconf 82' lang='lat' dir='ltr'>lectorem,</span> <span class='ocrx_word' id='word_1_20' title='bbox 1066 560 1238 617; x_wconf 68' lang='lat' dir='ltr'>quoties</span> <span class='ocrx_word' id='word_1_21' title='bbox 1267 576 1288 600; x_wconf 86' lang='lat' dir='ltr'>a</span> <span class='ocrx_word' id='word_1_22' title='bbox 1317 560 1447 600; x_wconf 84' lang='lat' dir='ltr'>rebus</span> <span class='ocrx_word' id='word_1_23' title='bbox 1484 560 1589 616; x_wconf 89' lang='lat' dir='ltr'>ipsis</span> 
     </span>
     <span class='ocr_line' id='line_1_4' title="bbox 99 637 1590 694; baseline -0.003 -14"><span class='ocrx_word' id='word_1_24' title='bbox 99 638 152 679; x_wconf 90' lang='lat' dir='ltr'>ad</span> <span class='ocrx_word' id='word_1_25' title='bbox 184 640 601 680; x_wconf 75' lang='lat' dir='ltr'>commentationem</span> <span class='ocrx_word' id='word_1_26' title='bbox 637 637 689 678; x_wconf 89' lang='lat' dir='ltr'>de</span> <span class='ocrx_word' id='word_1_27' title='bbox 726 638 856 678; x_wconf 89' lang='lat' dir='ltr'>rebus</span> <span class='ocrx_word' id='word_1_28' title='bbox 892 637 1081 694; x_wconf 83' lang='lat' dir='ltr'>aliquam</span> <span class='ocrx_word' id='word_1_29' title='bbox 1113 637 1271 677; x_wconf 80' lang='lat' dir='ltr'>transit</span> <span class='ocrx_word' id='word_1_30' title='bbox 1308 653 1314 676; x_wconf 90' lang='lat'>:</span> <span class='ocrx_word' id='word_1_31' title='bbox 1355 652 1432 677; x_wconf 88' lang='lat' dir='ltr'>nee</span> <span class='ocrx_word' id='word_1_32' title='bbox 1473 637 1590 676; x_wconf 70' lang='lat' dir='ltr'>enim</span> 
     </span>
     <span class='ocr_line' id='line_1_5' title="bbox 97 712 1589 772; baseline -0.003 -15"><span class='ocrx_word' id='word_1_33' title='bbox 97 716 415 772; x_wconf 67' lang='lat' dir='ltr'>temperantia(¹</span> <span class='ocrx_word' id='word_1_34' title='bbox 460 718 547 772; x_wconf 86' lang='lat' dir='ltr'>jam</span> <span class='ocrx_word' id='word_1_35' title='bbox 595 730 760 755; x_wconf 89' lang='lat' dir='ltr'>memor</span> <span class='ocrx_word' id='word_1_36' title='bbox 806 722 884 755; x_wconf 84' lang='lat' dir='ltr'>est.</span> <span class='ocrx_word' id='word_1_37' title='bbox 931 713 1059 766; x_wconf 90' lang='lat' dir='ltr'>Quod</span> <span class='ocrx_word' id='word_1_38' title='bbox 1106 714 1142 754; x_wconf 89' lang='lat' dir='ltr'>si</span> <span class='ocrx_word' id='word_1_39' title='bbox 1188 722 1260 753; x_wconf 90' lang='lat' dir='ltr'>aut</span> <span class='ocrx_word' id='word_1_40' title='bbox 1308 712 1359 753; x_wconf 88' lang='lat' dir='ltr'>de</span> <span class='ocrx_word' id='word_1_41' title='bbox 1411 713 1589 753; x_wconf 82' lang='lat' dir='ltr'>avaritia</span> 
     </span>
     <span class='ocr_line' id='line_1_6' title="bbox 98 790 1588 850; baseline -0.003 -17"><span class='ocrx_word' id='word_1_42' title='bbox 98 792 325 833; x_wconf 88' lang='lat' dir='ltr'>hominum</span> <span class='ocrx_word' id='word_1_43' title='bbox 358 793 557 850; x_wconf 85' lang='lat' dir='ltr'>queritur</span> <span class='ocrx_word' id='word_1_44' title='bbox 590 800 662 832; x_wconf 84' lang='lat' dir='ltr'>aut</span> <span class='ocrx_word' id='word_1_45' title='bbox 687 807 761 832; x_wconf 89' lang='lat' dir='ltr'>eos</span> <span class='ocrx_word' id='word_1_46' title='bbox 785 791 985 847; x_wconf 84' lang='lat' dir='ltr'>increpat</span> <span class='ocrx_word' id='word_1_47' title='bbox 1010 806 1195 848; x_wconf 89' lang='lat' dir='ltr'>quorum</span> <span class='ocrx_word' id='word_1_48' title='bbox 1221 790 1391 830; x_wconf 80' lang='lat' dir='ltr'>tristior</span> <span class='ocrx_word' id='word_1_49' title='bbox 1419 790 1588 830; x_wconf 85' lang='lat' dir='ltr'>animus</span> 
     </span>
     <span class='ocr_line' id='line_1_7' title="bbox 96 866 1583 924; baseline -0.003 -15"><span class='ocrx_word' id='word_1_50' title='bbox 96 869 241 909; x_wconf 89' lang='lat' dir='ltr'>omnia</span> <span class='ocrx_word' id='word_1_51' title='bbox 259 885 384 910; x_wconf 90' lang='lat' dir='ltr'>secus</span> <span class='ocrx_word' id='word_1_52' title='bbox 408 869 570 909; x_wconf 87' lang='lat' dir='ltr'>habere</span> <span class='ocrx_word' id='word_1_53' title='bbox 593 867 849 917; x_wconf 82' lang='lat' dir='ltr'>contendat,</span> <span class='ocrx_word' id='word_1_54' title='bbox 865 869 954 923; x_wconf 84' lang='lat' dir='ltr'>jam</span> <span class='ocrx_word' id='word_1_55' title='bbox 980 883 1067 907; x_wconf 87' lang='lat' dir='ltr'>non</span> <span class='ocrx_word' id='word_1_56' title='bbox 1091 883 1111 907; x_wconf 92' lang='lat' dir='ltr'>a</span> <span class='ocrx_word' id='word_1_57' title='bbox 1131 866 1328 924; x_wconf 83' lang='lat' dir='ltr'>periodis</span> <span class='ocrx_word' id='word_1_58' title='bbox 1351 875 1583 922; x_wconf 84' lang='lat' dir='ltr'>temperat.</span> 
     </span>
     <span class='ocr_line' id='line_1_8' title="bbox 97 943 1587 1002; baseline -0.002 -16"><span class='ocrx_word' id='word_1_59' title='bbox 97 946 239 987; x_wconf 88' lang='lat' dir='ltr'>Unum</span> <span class='ocrx_word' id='word_1_60' title='bbox 275 946 357 986; x_wconf 90' lang='lat' dir='ltr'>hoc</span> <span class='ocrx_word' id='word_1_61' title='bbox 393 944 641 1002; x_wconf 87' lang='lat' dir='ltr'>exemplum</span> <span class='ocrx_word' id='word_1_62' title='bbox 683 960 981 1002; x_wconf 83' lang='lat' dir='ltr'>proponemus</span> <span class='ocrx_word' id='word_1_63' title='bbox 1021 952 1116 997; x_wconf 80' lang='lat' dir='ltr'>aut,</span> <span class='ocrx_word' id='word_1_64' title='bbox 1154 944 1189 984; x_wconf 92' lang='lat' dir='ltr'>si</span> <span class='ocrx_word' id='word_1_65' title='bbox 1231 944 1288 984; x_wconf 83' lang='lat' dir='ltr'>ita</span> <span class='ocrx_word' id='word_1_66' title='bbox 1326 943 1413 984; x_wconf 84' lang='lat' dir='ltr'>dici</span> <span class='ocrx_word' id='word_1_67' title='bbox 1450 943 1587 999; x_wconf 79' lang='lat' dir='ltr'>magis</span> 
     </span>
     <span class='ocr_line' id='line_1_9' title="bbox 96 1020 1588 1079; baseline -0.001 -16"><span class='ocrx_word' id='word_1_68' title='bbox 96 1021 250 1072; x_wconf 85' lang='lat' dir='ltr'>libeat,</span> <span class='ocrx_word' id='word_1_69' title='bbox 282 1022 560 1079; x_wconf 87' lang='lat' dir='ltr'>imponemus</span> <span class='ocrx_word' id='word_1_70' title='bbox 598 1020 769 1062; x_wconf 88' lang='lat' dir='ltr'>lectori.</span> <span class='ocrx_word' id='word_1_71' title='bbox 809 1040 829 1060; x_wconf 91' lang='lat'>«</span> <span class='ocrx_word' id='word_1_72' title='bbox 866 1021 1002 1062; x_wconf 80' lang='lat' dir='ltr'>Nobis</span> <span class='ocrx_word' id='word_1_73' title='bbox 1044 1029 1210 1070; x_wconf 84' lang='lat' dir='ltr'>nostra,</span> <span class='ocrx_word' id='word_1_74' title='bbox 1247 1020 1328 1072; x_wconf 87' lang='lat' dir='ltr'>ait,</span> <span class='ocrx_word' id='word_1_75' title='bbox 1367 1020 1588 1062; x_wconf 74' lang='lat' dir='ltr'>viluerunt</span> 
     </span>
     <span class='ocr_line' id='line_1_10' title="bbox 94 1097 1586 1156; baseline -0.001 -16"><span class='ocrx_word' id='word_1_76' title='bbox 94 1107 309 1156; x_wconf 84' lang='lat' dir='ltr'>tempora,</span> <span class='ocrx_word' id='word_1_77' title='bbox 341 1099 465 1156; x_wconf 87' lang='lat' dir='ltr'>quasi</span> <span class='ocrx_word' id='word_1_78' title='bbox 491 1099 653 1148; x_wconf 82' lang='lat' dir='ltr'>ferrea3</span> <span class='ocrx_word' id='word_1_79' title='bbox 685 1098 947 1155; x_wconf 84' lang='lat' dir='ltr'>placuerunt</span> <span class='ocrx_word' id='word_1_80' title='bbox 969 1098 1148 1154; x_wconf 87' lang='lat' dir='ltr'>antiqua</span> <span class='ocrx_word' id='word_1_81' title='bbox 1171 1097 1287 1138; x_wconf 84' lang='lat' dir='ltr'>velut</span> <span class='ocrx_word' id='word_1_82' title='bbox 1309 1113 1412 1138; x_wconf 87' lang='lat' dir='ltr'>auro</span> <span class='ocrx_word' id='word_1_83' title='bbox 1434 1097 1586 1138; x_wconf 87' lang='lat' dir='ltr'>lucen-</span> 
     </span>
     <span class='ocr_line' id='line_1_11' title="bbox 93 1174 1582 1232; baseline -0.002 -15"><span class='ocrx_word' id='word_1_84' title='bbox 93 1176 175 1226; x_wconf 83' lang='lat' dir='ltr'>tia3</span> <span class='ocrx_word' id='word_1_85' title='bbox 215 1175 423 1217; x_wconf 89' lang='lat' dir='ltr'>historias</span> <span class='ocrx_word' id='word_1_86' title='bbox 460 1176 512 1216; x_wconf 88' lang='lat' dir='ltr'>ab</span> <span class='ocrx_word' id='word_1_87' title='bbox 548 1175 674 1216; x_wconf 84' lang='lat' dir='ltr'>initio</span> <span class='ocrx_word' id='word_1_88' title='bbox 715 1174 767 1216; x_wconf 87' lang='lat' dir='ltr'>ad</span> <span class='ocrx_word' id='word_1_89' title='bbox 803 1191 882 1216; x_wconf 91' lang='lat' dir='ltr'>nos</span> <span class='ocrx_word' id='word_1_90' title='bbox 925 1190 1060 1232; x_wconf 87' lang='lat' dir='ltr'>usque</span> <span class='ocrx_word' id='word_1_91' title='bbox 1101 1174 1312 1215; x_wconf 88' lang='lat' dir='ltr'>deductas</span> <span class='ocrx_word' id='word_1_92' title='bbox 1352 1174 1582 1221; x_wconf 88' lang='lat' dir='ltr'>habemus,</span> 
     </span>
     <span class='ocr_line' id='line_1_12' title="bbox 94 1250 1584 1311; baseline -0.002 -17"><span class='ocrx_word' id='word_1_93' title='bbox 94 1251 263 1294; x_wconf 84' lang='lat' dir='ltr'>fabulas</span> <span class='ocrx_word' id='word_1_94' title='bbox 300 1253 429 1294; x_wconf 84' lang='lat' dir='ltr'>etiam</span> <span class='ocrx_word' id='word_1_95' title='bbox 469 1252 673 1311; x_wconf 83' lang='lat' dir='ltr'>legimus,</span> <span class='ocrx_word' id='word_1_96' title='bbox 709 1261 750 1293; x_wconf 86' lang='lat' dir='ltr'>et</span> <span class='ocrx_word' id='word_1_97' title='bbox 790 1267 875 1309; x_wconf 86' lang='lat' dir='ltr'>quo</span> <span class='ocrx_word' id='word_1_98' title='bbox 916 1251 1089 1308; x_wconf 87' lang='lat' dir='ltr'>plaeere</span> <span class='ocrx_word' id='word_1_99' title='bbox 1130 1251 1321 1292; x_wconf 83' lang='lat' dir='ltr'>debeant</span> <span class='ocrx_word' id='word_1_100' title='bbox 1357 1250 1584 1291; x_wconf 83' lang='lat' dir='ltr'>intellectu</span> 
     </span>
     <span class='ocr_line' id='line_1_13' title="bbox 93 1328 1586 1386; baseline -0.001 -16"><span class='ocrx_word' id='word_1_101' title='bbox 93 1329 277 1386; x_wconf 89' lang='lat' dir='ltr'>mystico</span> <span class='ocrx_word' id='word_1_102' title='bbox 299 1330 514 1370; x_wconf 84' lang='lat' dir='ltr'>novimus.</span> <span class='ocrx_word' id='word_1_103' title='bbox 540 1329 730 1370; x_wconf 84' lang='lat' dir='ltr'>Attende</span> <span class='ocrx_word' id='word_1_104' title='bbox 761 1329 866 1371; x_wconf 89' lang='lat' dir='ltr'>Cain</span> <span class='ocrx_word' id='word_1_105' title='bbox 892 1328 1106 1378; x_wconf 88' lang='lat' dir='ltr'>invidum,</span> <span class='ocrx_word' id='word_1_106' title='bbox 1137 1329 1378 1369; x_wconf 87' lang='lat' dir='ltr'>Gomorrae</span> <span class='ocrx_word' id='word_1_107' title='bbox 1401 1328 1516 1368; x_wconf 87' lang='lat' dir='ltr'>cives</span> <span class='ocrx_word' id='word_1_108' title='bbox 1543 1336 1586 1368; x_wconf 90' lang='lat' dir='ltr'>et</span> 
     </span>
     <span class='ocr_line' id='line_1_14' title="bbox 94 1404 1586 1461; baseline -0.002 -13"><span class='ocrx_word' id='word_1_109' title='bbox 94 1406 329 1458; x_wconf 88' lang='lat' dir='ltr'>Sodomae,</span> <span class='ocrx_word' id='word_1_110' title='bbox 354 1422 441 1447; x_wconf 91' lang='lat' dir='ltr'>non</span> <span class='ocrx_word' id='word_1_111' title='bbox 468 1422 599 1447; x_wconf 90' lang='lat' dir='ltr'>unum</span> <span class='ocrx_word' id='word_1_112' title='bbox 624 1406 741 1456; x_wconf 87' lang='lat' dir='ltr'>dieo,</span> <span class='ocrx_word' id='word_1_113' title='bbox 773 1406 850 1447; x_wconf 88' lang='lat' dir='ltr'>sed</span> <span class='ocrx_word' id='word_1_114' title='bbox 879 1405 932 1447; x_wconf 93' lang='lat' dir='ltr'>ad</span> <span class='ocrx_word' id='word_1_115' title='bbox 959 1422 1094 1447; x_wconf 92' lang='lat' dir='ltr'>unum</span> <span class='ocrx_word' id='word_1_116' title='bbox 1124 1405 1266 1446; x_wconf 89' lang='lat' dir='ltr'>omnis</span> <span class='ocrx_word' id='word_1_117' title='bbox 1295 1404 1456 1446; x_wconf 87' lang='lat' dir='ltr'>luxurii</span> <span class='ocrx_word' id='word_1_118' title='bbox 1483 1420 1586 1461; x_wconf 91' lang='lat' dir='ltr'>per-</span> 
     </span>
     <span class='ocr_line' id='line_1_15' title="bbox 92 1481 1586 1541; baseline -0.001 -17"><span class='ocrx_word' id='word_1_119' title='bbox 92 1482 268 1534; x_wconf 88' lang='lat' dir='ltr'>ssuidos,</span> <span class='ocrx_word' id='word_1_120' title='bbox 299 1483 461 1541; x_wconf 83' lang='lat' dir='ltr'>Joseph</span> <span class='ocrx_word' id='word_1_121' title='bbox 488 1483 731 1533; x_wconf 76' lang='lat' dir='ltr'>venditum,</span> <span class='ocrx_word' id='word_1_122' title='bbox 757 1484 1029 1524; x_wconf 83' lang='lat' dir='ltr'>Pharaonem</span> <span class='ocrx_word' id='word_1_123' title='bbox 1060 1498 1138 1540; x_wconf 89' lang='lat' dir='ltr'>per</span> <span class='ocrx_word' id='word_1_124' title='bbox 1167 1491 1233 1523; x_wconf 87' lang='lat' dir='ltr'>tot</span> <span class='ocrx_word' id='word_1_125' title='bbox 1260 1482 1462 1540; x_wconf 87' lang='lat' dir='ltr'>punitum</span> <span class='ocrx_word' id='word_1_126' title='bbox 1491 1481 1586 1538; x_wconf 89' lang='lat' dir='ltr'>pla-</span> 
     </span>
     <span class='ocr_line' id='line_1_16' title="bbox 91 1558 1582 1618; baseline -0.001 -18"><span class='ocrx_word' id='word_1_127' title='bbox 91 1575 224 1618; x_wconf 85' lang='lat' dir='ltr'>gas...</span> <span class='ocrx_word' id='word_1_128' title='bbox 273 1561 361 1601; x_wconf 83' lang='lat' dir='ltr'>Nec</span> <span class='ocrx_word' id='word_1_129' title='bbox 415 1560 542 1610; x_wconf 89' lang='lat' dir='ltr'>satis;</span> <span class='ocrx_word' id='word_1_130' title='bbox 591 1569 632 1601; x_wconf 88' lang='lat' dir='ltr'>at</span> <span class='ocrx_word' id='word_1_131' title='bbox 686 1577 706 1599; x_wconf 88' lang='lat'>«</span> <span class='ocrx_word' id='word_1_132' title='bbox 750 1560 1002 1618; x_wconf 86' lang='lat' dir='ltr'>superbiam</span> <span class='ocrx_word' id='word_1_133' title='bbox 1054 1561 1193 1601; x_wconf 85' lang='lat' dir='ltr'>Datan</span> <span class='ocrx_word' id='word_1_134' title='bbox 1253 1558 1582 1617; x_wconf 87' lang='lat' dir='ltr'>protervitatem</span> 
     </span>
     <span class='ocr_line' id='line_1_17' title="bbox 92 1635 1583 1694; baseline -0.002 -16"><span class='ocrx_word' id='word_1_135' title='bbox 92 1637 265 1678; x_wconf 86' lang='lat' dir='ltr'>Zambri</span> <span class='ocrx_word' id='word_1_136' title='bbox 290 1654 311 1676; x_wconf 87' lang='grc'>))</span> <span class='ocrx_word' id='word_1_137' title='bbox 336 1638 344 1658; x_wconf 89' lang='lat'><strong>¹</strong></span> <span class='ocrx_word' id='word_1_138' title='bbox 371 1637 507 1686; x_wconf 89' lang='lat' dir='ltr'>addit,</span> <span class='ocrx_word' id='word_1_139' title='bbox 536 1637 790 1694; x_wconf 80' lang='lat' dir='ltr'>Scripturae</span> <span class='ocrx_word' id='word_1_140' title='bbox 816 1646 1008 1678; x_wconf 84' lang='lat' dir='ltr'>monstra</span> <span class='ocrx_word' id='word_1_141' title='bbox 1033 1637 1179 1677; x_wconf 87' lang='lat' dir='ltr'>omnia</span> <span class='ocrx_word' id='word_1_142' title='bbox 1202 1637 1320 1684; x_wconf 86' lang='lat' dir='ltr'>citat,</span> <span class='ocrx_word' id='word_1_143' title='bbox 1348 1635 1583 1692; x_wconf 84' lang='lat' dir='ltr'>Aehitopel</span> 
     </span>
     <span class='ocr_line' id='line_1_18' title="bbox 92 1712 1582 1771; baseline -0.002 -16"><span class='ocrx_word' id='word_1_144' title='bbox 92 1722 134 1755; x_wconf 89' lang='lat' dir='ltr'>et</span> <span class='ocrx_word' id='word_1_145' title='bbox 172 1714 325 1763; x_wconf 77' lang='lat' dir='ltr'>Nabal,</span> <span class='ocrx_word' id='word_1_146' title='bbox 369 1722 412 1755; x_wconf 85' lang='lat' dir='ltr'>et</span> <span class='ocrx_word' id='word_1_147' title='bbox 451 1723 637 1764; x_wconf 89' lang='lat' dir='ltr'>eeteros,</span> <span class='ocrx_word' id='word_1_148' title='bbox 688 1714 851 1754; x_wconf 88' lang='lat' dir='ltr'>nullam</span> <span class='ocrx_word' id='word_1_149' title='bbox 892 1714 1170 1771; x_wconf 86' lang='lat' dir='ltr'>antiquarum</span> <span class='ocrx_word' id='word_1_150' title='bbox 1220 1713 1479 1760; x_wconf 78' lang='lat' dir='ltr'>fabularum,</span> <span class='ocrx_word' id='word_1_151' title='bbox 1529 1712 1582 1753; x_wconf 92' lang='lat' dir='ltr'>ab</span> 
     </span>
     <span class='ocr_line' id='line_1_19' title="bbox 95 1788 1582 1848; baseline -0.001 -17"><span class='ocrx_word' id='word_1_152' title='bbox 95 1791 246 1832; x_wconf 84' lang='lat' dir='ltr'>Atiaea</span> <span class='ocrx_word' id='word_1_153' title='bbox 287 1790 340 1831; x_wconf 86' lang='lat' dir='ltr'>ad</span> <span class='ocrx_word' id='word_1_154' title='bbox 374 1790 598 1848; x_wconf 87' lang='lat' dir='ltr'>Pelopem,</span> <span class='ocrx_word' id='word_1_155' title='bbox 636 1791 815 1832; x_wconf 88' lang='lat' dir='ltr'>omittit.</span> <span class='ocrx_word' id='word_1_156' title='bbox 857 1791 939 1832; x_wconf 74' lang='lat' dir='ltr'>Vix</span> <span class='ocrx_word' id='word_1_157' title='bbox 972 1790 1290 1831; x_wconf 83' lang='lat' dir='ltr'>demonstravit</span> <span class='ocrx_word' id='word_1_158' title='bbox 1323 1805 1409 1830; x_wconf 89' lang='lat' dir='ltr'>non</span> <span class='ocrx_word' id='word_1_159' title='bbox 1445 1788 1582 1846; x_wconf 84' lang='lat' dir='ltr'>magis</span> 
     </span>
     <span class='ocr_line' id='line_1_20' title="bbox 91 1866 1583 1925; baseline -0.001 -17"><span class='ocrx_word' id='word_1_160' title='bbox 91 1868 376 1925; x_wconf 87' lang='lat' dir='ltr'>praeteritum</span> <span class='ocrx_word' id='word_1_161' title='bbox 411 1883 538 1925; x_wconf 84' lang='lat' dir='ltr'>quam</span> <span class='ocrx_word' id='word_1_162' title='bbox 574 1883 782 1924; x_wconf 87' lang='lat' dir='ltr'>praesens</span> <span class='ocrx_word' id='word_1_163' title='bbox 817 1876 991 1924; x_wconf 88' lang='lat' dir='ltr'>tempus</span> <span class='ocrx_word' id='word_1_164' title='bbox 1028 1867 1221 1908; x_wconf 86' lang='lat' dir='ltr'>caruisse</span> <span class='ocrx_word' id='word_1_165' title='bbox 1260 1866 1500 1907; x_wconf 88' lang='lat' dir='ltr'>sceleribus</span> <span class='ocrx_word' id='word_1_166' title='bbox 1534 1882 1583 1906; x_wconf 84' lang='lat' dir='ltr'>ae</span> 
     </span>
     <span class='ocr_line' id='line_1_21' title="bbox 89 1943 1582 2003; baseline -0.001 -18"><span class='ocrx_word' id='word_1_167' title='bbox 89 1944 278 1986; x_wconf 88' lang='lat' dir='ltr'>miseriis</span> <span class='ocrx_word' id='word_1_168' title='bbox 313 1961 320 1984; x_wconf 93' lang='lat'>:</span> <span class='ocrx_word' id='word_1_169' title='bbox 362 1945 407 1985; x_wconf 92' lang='lat' dir='ltr'>in</span> <span class='ocrx_word' id='word_1_170' title='bbox 445 1944 747 2001; x_wconf 85' lang='lat' dir='ltr'>quaestionem</span> <span class='ocrx_word' id='word_1_171' title='bbox 792 1960 946 1985; x_wconf 85' lang='lat' dir='ltr'>novam</span> <span class='ocrx_word' id='word_1_172' title='bbox 988 1944 1106 1985; x_wconf 88' lang='lat' dir='ltr'>illam</span> <span class='ocrx_word' id='word_1_173' title='bbox 1148 1943 1422 2003; x_wconf 84' lang='lat' dir='ltr'>aggreditur,</span> <span class='ocrx_word' id='word_1_174' title='bbox 1465 1943 1582 1984; x_wconf 89' lang='lat' dir='ltr'>haud</span> 
     </span>
     <span class='ocr_line' id='line_1_22' title="bbox 91 2020 1579 2081; baseline -0.001 -19"><span class='ocrx_word' id='word_1_175' title='bbox 91 2029 209 2062; x_wconf 84' lang='lat' dir='ltr'>certe</span> <span class='ocrx_word' id='word_1_176' title='bbox 237 2022 377 2081; x_wconf 83' lang='lat' dir='ltr'>magis</span> <span class='ocrx_word' id='word_1_177' title='bbox 406 2020 673 2079; x_wconf 88' lang='lat' dir='ltr'>singularem</span> <span class='ocrx_word' id='word_1_178' title='bbox 701 2038 708 2061; x_wconf 76' lang='grc' dir='ltr'>ε</span> <span class='ocrx_word' id='word_1_179' title='bbox 739 2021 858 2078; x_wconf 88' lang='lat' dir='ltr'>quod</span> <span class='ocrx_word' id='word_1_180' title='bbox 889 2037 1019 2078; x_wconf 82' lang='lat' dir='ltr'>saepe</span> <span class='ocrx_word' id='word_1_181' title='bbox 1045 2021 1266 2062; x_wconf 85' lang='lat' dir='ltr'>voluerint</span> <span class='ocrx_word' id='word_1_182' title='bbox 1295 2020 1579 2061; x_wconf 86' lang='lat' dir='ltr'>historiarum</span> 
     </span>
     <span class='ocr_line' id='line_1_23' title="bbox 91 2097 1581 2155; baseline 0 -17"><span class='ocrx_word' id='word_1_183' title='bbox 91 2097 349 2155; x_wconf 88' lang='lat' dir='ltr'>scriptores,</span> <span class='ocrx_word' id='word_1_184' title='bbox 379 2097 482 2139; x_wconf 89' lang='lat' dir='ltr'>dum</span> <span class='ocrx_word' id='word_1_185' title='bbox 512 2098 679 2139; x_wconf 84' lang='lat' dir='ltr'>fabulas</span> <span class='ocrx_word' id='word_1_186' title='bbox 711 2098 910 2139; x_wconf 88' lang='lat' dir='ltr'>historiis</span> <span class='ocrx_word' id='word_1_187' title='bbox 939 2098 1028 2139; x_wconf 86' lang='lat' dir='ltr'>suis</span> <span class='ocrx_word' id='word_1_188' title='bbox 1057 2098 1320 2145; x_wconf 87' lang='lat' dir='ltr'>insererent,</span> <span class='ocrx_word' id='word_1_189' title='bbox 1353 2097 1406 2138; x_wconf 90' lang='lat' dir='ltr'>ad</span> <span class='ocrx_word' id='word_1_190' title='bbox 1437 2113 1581 2138; x_wconf 90' lang='lat' dir='ltr'>mores</span> 
     </span>
     <span class='ocr_line' id='line_1_24' title="bbox 88 2173 1580 2223; baseline -0.001 -8"><span class='ocrx_word' id='word_1_191' title='bbox 88 2173 315 2216; x_wconf 88' lang='lat' dir='ltr'>hominum</span> <span class='ocrx_word' id='word_1_192' title='bbox 338 2175 637 2216; x_wconf 87' lang='lat' dir='ltr'>emendandos</span> <span class='ocrx_word' id='word_1_193' title='bbox 662 2175 790 2216; x_wconf 88' lang='lat' dir='ltr'>utiles</span> <span class='ocrx_word' id='word_1_194' title='bbox 810 2191 904 2216; x_wconf 89' lang='lat' dir='ltr'>esse</span> <span class='ocrx_word' id='word_1_195' title='bbox 926 2177 954 2215; x_wconf 67' lang='lat'>⁵².</span> <span class='ocrx_word' id='word_1_196' title='bbox 975 2176 1046 2223; x_wconf 90' lang='lat' dir='ltr'>At,</span> <span class='ocrx_word' id='word_1_197' title='bbox 1072 2191 1126 2216; x_wconf 90' lang='lat' dir='ltr'>ne</span> <span class='ocrx_word' id='word_1_198' title='bbox 1149 2175 1359 2216; x_wconf 88' lang='lat' dir='ltr'>lectorem</span> <span class='ocrx_word' id='word_1_199' title='bbox 1382 2183 1580 2215; x_wconf 87' lang='lat' dir='ltr'>nostrum</span> 
     </span>
     <span class='ocr_line' id='line_1_25' title="bbox 89 2250 1581 2311; baseline -0.001 -19"><span class='ocrx_word' id='word_1_200' title='bbox 89 2250 341 2311; x_wconf 83' lang='lat' dir='ltr'>fatigemus,</span> <span class='ocrx_word' id='word_1_201' title='bbox 376 2252 778 2308; x_wconf 85' lang='lat' dir='ltr'>praetermittemus</span> <span class='ocrx_word' id='word_1_202' title='bbox 813 2252 1039 2310; x_wconf 77' lang='lat' dir='ltr'>periodum</span> <span class='ocrx_word' id='word_1_203' title='bbox 1069 2252 1204 2300; x_wconf 91' lang='lat' dir='ltr'>illam,</span> <span class='ocrx_word' id='word_1_204' title='bbox 1231 2266 1314 2308; x_wconf 88' lang='lat' dir='ltr'>qua</span> <span class='ocrx_word' id='word_1_205' title='bbox 1342 2251 1581 2294; x_wconf 80' lang='lat' dir='ltr'>walterius</span> 
     </span>
     <span class='ocr_line' id='line_1_26' title="bbox 88 2327 1580 2386; baseline 0 -18"><span class='ocrx_word' id='word_1_206' title='bbox 88 2328 254 2385; x_wconf 87' lang='lat' dir='ltr'>primas</span> <span class='ocrx_word' id='word_1_207' title='bbox 277 2330 520 2386; x_wconf 88' lang='lat' dir='ltr'>juventutis</span> <span class='ocrx_word' id='word_1_208' title='bbox 546 2329 822 2386; x_wconf 89' lang='lat' dir='ltr'>disciplinas,</span> <span class='ocrx_word' id='word_1_209' title='bbox 854 2329 955 2370; x_wconf 89' lang='lat' dir='ltr'>dum</span> <span class='ocrx_word' id='word_1_210' title='bbox 979 2345 1024 2370; x_wconf 90' lang='lat' dir='ltr'>se</span> <span class='ocrx_word' id='word_1_211' title='bbox 1047 2329 1099 2370; x_wconf 91' lang='lat' dir='ltr'>ad</span> <span class='ocrx_word' id='word_1_212' title='bbox 1128 2327 1411 2370; x_wconf 84' lang='lat' dir='ltr'>scribendum</span> <span class='ocrx_word' id='word_1_213' title='bbox 1442 2327 1580 2368; x_wconf 82' lang='lat' dir='ltr'>insor-</span> 
     </span>
     <span class='ocr_line' id='line_1_27' title="bbox 89 2406 1026 2454; baseline 0 -8"><span class='ocrx_word' id='word_1_214' title='bbox 89 2414 242 2454; x_wconf 87' lang='lat' dir='ltr'>maret,</span> <span class='ocrx_word' id='word_1_215' title='bbox 274 2421 361 2446; x_wconf 93' lang='lat' dir='ltr'>non</span> <span class='ocrx_word' id='word_1_216' title='bbox 384 2407 487 2448; x_wconf 82' lang='lat' dir='ltr'>satis</span> <span class='ocrx_word' id='word_1_217' title='bbox 510 2406 672 2447; x_wconf 88' lang='lat' dir='ltr'>oblitus</span> <span class='ocrx_word' id='word_1_218' title='bbox 695 2422 791 2448; x_wconf 89' lang='lat' dir='ltr'>esse</span> <span class='ocrx_word' id='word_1_219' title='bbox 813 2407 1026 2447; x_wconf 85' lang='lat' dir='ltr'>videatur.</span> 
     </span>
    </p>

    <p class='ocr_par' dir='ltr' id='par_1_3' title="bbox 86 2483 1577 2848">
     <span class='ocr_line' id='line_1_28' title="bbox 145 2483 1577 2535; baseline -0.001 -12"><span class='ocrx_word' id='word_1_220' title='bbox 145 2483 233 2524; x_wconf 87' lang='lat' dir='ltr'>Nee</span> <span class='ocrx_word' id='word_1_221' title='bbox 254 2491 398 2523; x_wconf 85' lang='lat' dir='ltr'>tamen</span> <span class='ocrx_word' id='word_1_222' title='bbox 428 2483 532 2524; x_wconf 86' lang='lat' dir='ltr'>satis</span> <span class='ocrx_word' id='word_1_223' title='bbox 562 2483 605 2524; x_wconf 90' lang='lat' dir='ltr'>id</span> <span class='ocrx_word' id='word_1_224' title='bbox 637 2492 768 2535; x_wconf 86' lang='lat' dir='ltr'>esset,</span> <span class='ocrx_word' id='word_1_225' title='bbox 800 2483 834 2524; x_wconf 91' lang='lat' dir='ltr'>si</span> <span class='ocrx_word' id='word_1_226' title='bbox 863 2499 934 2524; x_wconf 88' lang='lat' dir='ltr'>eas</span> <span class='ocrx_word' id='word_1_227' title='bbox 959 2492 1075 2524; x_wconf 88' lang='lat' dir='ltr'>esset</span> <span class='ocrx_word' id='word_1_228' title='bbox 1105 2483 1268 2524; x_wconf 86' lang='lat' dir='ltr'>oblitus</span> <span class='ocrx_word' id='word_1_229' title='bbox 1294 2499 1301 2523; x_wconf 74' lang='grc' dir='ltr'>ε</span> <span class='ocrx_word' id='word_1_230' title='bbox 1334 2498 1448 2532; x_wconf 87' lang='lat' dir='ltr'>nam,</span> <span class='ocrx_word' id='word_1_231' title='bbox 1480 2497 1577 2522; x_wconf 90' lang='lat' dir='ltr'>eum</span> 
     </span>
     <span class='ocr_line' id='line_1_29' title="bbox 88 2559 1577 2611; baseline -0.001 -11"><span class='ocrx_word' id='word_1_232' title='bbox 88 2575 168 2600; x_wconf 89' lang='lat' dir='ltr'>nec</span> <span class='ocrx_word' id='word_1_233' title='bbox 188 2560 370 2600; x_wconf 86' lang='lat' dir='ltr'>materia</span> <span class='ocrx_word' id='word_1_234' title='bbox 392 2560 496 2601; x_wconf 85' lang='lat' dir='ltr'>satis</span> <span class='ocrx_word' id='word_1_235' title='bbox 514 2560 651 2601; x_wconf 89' lang='lat' dir='ltr'>solida</span> <span class='ocrx_word' id='word_1_236' title='bbox 675 2560 806 2601; x_wconf 90' lang='lat' dir='ltr'>suerit</span> <span class='ocrx_word' id='word_1_237' title='bbox 822 2561 1031 2611; x_wconf 82' lang='lat' dir='ltr'>nutritus,</span> <span class='ocrx_word' id='word_1_238' title='bbox 1051 2576 1131 2601; x_wconf 88' lang='lat' dir='ltr'>nec</span> <span class='ocrx_word' id='word_1_239' title='bbox 1150 2560 1283 2601; x_wconf 91' lang='lat' dir='ltr'>ullius</span> <span class='ocrx_word' id='word_1_240' title='bbox 1304 2559 1577 2601; x_wconf 85' lang='lat' dir='ltr'>vehementis</span> 
     </span>
     <span class='ocr_line' id='line_1_30' title="bbox 87 2635 1577 2694; baseline -0.001 -18"><span class='ocrx_word' id='word_1_241' title='bbox 87 2636 151 2677; x_wconf 92' lang='lat' dir='ltr'>vis</span> <span class='ocrx_word' id='word_1_242' title='bbox 175 2635 341 2692; x_wconf 87' lang='lat' dir='ltr'>impetu</span> <span class='ocrx_word' id='word_1_243' title='bbox 364 2636 595 2693; x_wconf 76' lang='lat' dir='ltr'>impuISUS‚</span> <span class='ocrx_word' id='word_1_244' title='bbox 618 2637 838 2694; x_wconf 89' lang='lat' dir='ltr'>quomodo</span> <span class='ocrx_word' id='word_1_245' title='bbox 861 2637 957 2678; x_wconf 87' lang='lat' dir='ltr'>fieri</span> <span class='ocrx_word' id='word_1_246' title='bbox 978 2638 1121 2694; x_wconf 86' lang='lat' dir='ltr'>potuit</span> <span class='ocrx_word' id='word_1_247' title='bbox 1139 2646 1184 2678; x_wconf 90' lang='lat' dir='ltr'>ut</span> <span class='ocrx_word' id='word_1_248' title='bbox 1205 2653 1293 2678; x_wconf 93' lang='lat' dir='ltr'>non</span> <span class='ocrx_word' id='word_1_249' title='bbox 1317 2652 1446 2693; x_wconf 88' lang='lat' dir='ltr'>saepe</span> <span class='ocrx_word' id='word_1_250' title='bbox 1466 2637 1577 2691; x_wconf 89' lang='lat' dir='ltr'>jeju-</span> 
     </span>
     <span class='ocr_line' id='line_1_31' title="bbox 86 2712 1575 2774; baseline 0 -22"><span class='ocrx_word' id='word_1_251' title='bbox 86 2712 198 2760; x_wconf 88' lang='lat' dir='ltr'>nior,</span> <span class='ocrx_word' id='word_1_252' title='bbox 232 2713 495 2770; x_wconf 87' lang='lat' dir='ltr'>saepiusque</span> <span class='ocrx_word' id='word_1_253' title='bbox 525 2714 566 2754; x_wconf 91' lang='lat' dir='ltr'>in</span> <span class='ocrx_word' id='word_1_254' title='bbox 593 2714 770 2770; x_wconf 85' lang='lat' dir='ltr'>judiciis</span> <span class='ocrx_word' id='word_1_255' title='bbox 799 2714 938 2774; x_wconf 83' lang='lat' dir='ltr'>magis</span> <span class='ocrx_word' id='word_1_256' title='bbox 966 2714 1127 2755; x_wconf 88' lang='lat' dir='ltr'>dubius</span> <span class='ocrx_word' id='word_1_257' title='bbox 1154 2713 1405 2755; x_wconf 70' lang='lat' dir='ltr'>videretur?</span> <span class='ocrx_word' id='word_1_258' title='bbox 1432 2713 1575 2768; x_wconf 76' lang='lat' dir='ltr'>Atque</span> 
     </span>
     <span class='ocr_line' id='line_1_32' title="bbox 86 2789 1575 2848; baseline -0.001 -19"><span class='ocrx_word' id='word_1_259' title='bbox 86 2789 215 2830; x_wconf 91' lang='lat' dir='ltr'>etiam</span> <span class='ocrx_word' id='word_1_260' title='bbox 238 2789 348 2830; x_wconf 87' lang='lat' dir='ltr'>illud</span> <span class='ocrx_word' id='word_1_261' title='bbox 371 2789 661 2848; x_wconf 83' lang='lat' dir='ltr'>adjungemus</span> <span class='ocrx_word' id='word_1_262' title='bbox 684 2792 823 2832; x_wconf 87' lang='lat' dir='ltr'>rarius</span> <span class='ocrx_word' id='word_1_263' title='bbox 846 2807 941 2832; x_wconf 88' lang='lat' dir='ltr'>eum</span> <span class='ocrx_word' id='word_1_264' title='bbox 966 2791 1133 2848; x_wconf 85' lang='lat' dir='ltr'>aliquid</span> <span class='ocrx_word' id='word_1_265' title='bbox 1153 2791 1366 2832; x_wconf 88' lang='lat' dir='ltr'>creavisse</span> <span class='ocrx_word' id='word_1_266' title='bbox 1388 2807 1395 2830; x_wconf 70' lang='grc' dir='ltr'><strong><em>ς</em></strong></span> <span class='ocrx_word' id='word_1_267' title='bbox 1417 2789 1575 2830; x_wconf 86' lang='lat' dir='ltr'>mentis</span> 
     </span>
    </p>
   </div>
   <div class='ocr_carea' id='block_1_3' title="bbox 126 2907 614 2996">
    <p class='ocr_par' dir='ltr' id='par_1_4' title="bbox 126 2907 614 2996">
     <span class='ocr_line' id='line_1_33' title="bbox 127 2907 493 2949; baseline 0.005 -13"><span class='ocrx_word' id='word_1_268' title='bbox 127 2907 155 2936; x_wconf 90' lang='lat'>1.</span> <span class='ocrx_word' id='word_1_269' title='bbox 180 2909 226 2937; x_wconf 82' lang='lat' dir='ltr'>De</span> <span class='ocrx_word' id='word_1_270' title='bbox 246 2908 364 2949; x_wconf 77' lang='lat' dir='ltr'>Nugis,</span> <span class='ocrx_word' id='word_1_271' title='bbox 386 2918 418 2948; x_wconf 86' lang='lat' dir='ltr'>p.</span> <span class='ocrx_word' id='word_1_272' title='bbox 442 2910 493 2939; x_wconf 84' lang='lat'>65.</span> 
     </span>
     <span class='ocr_line' id='line_1_34' title="bbox 126 2954 614 2996; baseline 0.008 -13"><span class='ocrx_word' id='word_1_273' title='bbox 126 2954 154 2984; x_wconf 82' lang='lat'>2.</span> <span class='ocrx_word' id='word_1_274' title='bbox 177 2954 280 2992; x_wconf 59' lang='lat' dir='ltr'>Ibt&#39;d„</span> <span class='ocrx_word' id='word_1_275' title='bbox 296 2966 331 2995; x_wconf 90' lang='lat' dir='ltr'>p.</span> <span class='ocrx_word' id='word_1_276' title='bbox 354 2958 405 2986; x_wconf 76' lang='lat'>66.</span> <span class='ocrx_word' id='word_1_277' title='bbox 427 2955 482 2992; x_wconf 90' lang='lat' dir='ltr'>Q.,</span> <span class='ocrx_word' id='word_1_278' title='bbox 505 2967 538 2996; x_wconf 84' lang='lat' dir='ltr'>p.</span> <span class='ocrx_word' id='word_1_279' title='bbox 562 2956 614 2987; x_wconf 67' lang='lat'>[46.</span> 
     </span>
    </p>
   </div>
  </div>
 </body>
</html>
