1842 3288
270 300 309 330 66
765 300 815 325 DE
848 299 1070 325 WALTERIO
1104 298 1260 324 ΜΑΡΡΙΟ

267 393 354 434 vita
386 391 562 448 politica
594 387 797 431 walterii
829 386 881 427 de
920 402 1006 444 quo
1036 386 1229 428 exactius
1257 386 1379 444 loqui
1407 387 1524 429 lieet.
1556 389 1683 432 Anno
1711 391 1761 432 D*

275 468 401 518 1173,
443 465 682 509 XValterius
719 480 737 503 a
776 465 895 520 Rege
933 464 1184 504 nominatus
1219 471 1285 503 cst
1324 463 1440 504 inter
1474 464 1554 505 hos
1586 468 1762 522 judiees

269 550 523 587 z'lz'Jzet·(mce.s·
544 557 726 599 quorum
753 541 891 599 gratia
916 556 1034 581 suam
1062 541 1366 581 auctoritatem
1385 540 1663 596 judiciariam
1687 559 1762 585 ex-

268 622 448 663 tendero
492 622 576 659 imo
609 626 651 658 et
686 617 878 674 propriis
909 617 1132 674 judicibus
1167 617 1397 675 invigilare
1429 633 1504 659 rex
1536 620 1756 676 cupiebat.

270 717 290 737 «
328 698 516 743 Plurics,
549 696 607 736 ait
641 693 849 735 Giraldus
888 694 1186 743 Cambrensis,
1213 694 1474 751 justiciariis
1508 697 1759 738 errantibus

268 774 320 815 ad
339 776 438 829 jura
462 772 586 829 regni
611 770 792 820 tuenda,
816 771 1121 828 justitiamque
1145 771 1309 829 regiam
1333 772 1621 813 exercendam
1643 789 1758 813 asso-

265 851 402 891 ciatus
432 858 523 889 erat
553 851 575 889 ¹.
613 866 631 886 »

323 929 462 969 [suam
486 925 789 966 tantummode
811 925 1082 965 notationem
1107 926 1315 966 exhibere
1339 926 1466 966 nobis
1492 925 1615 966 licuit
1642 918 1758 968 inter

265 1020 415 1044 omnes
445 1002 544 1043 novi
574 1002 840 1058 inspectoris
869 1002 1168 1043 excursiones.
1199 1003 1327 1043 Anno
1360 1002 1486 1051 1173,
1513 1002 1670 1044 missus
1693 1012 1759 1044 est

264 1096 360 1121 cum
391 1079 486 1120 aliis
517 1078 687 1119 duobus
711 1077 937 1134 judicibus
960 1094 1115 1135 nempe
1145 1080 1310 1119 Joanne
1336 1079 1523 1120 Cumino
1551 1087 1594 1120 et
1621 1081 1757 1121 Turs-

263 1157 357 1197 tino
393 1156 681 1203 Pin-Simon,
716 1163 762 1195 ut
790 1155 1033 1196 sessionem
1062 1164 1337 1204 convocaret,
1370 1156 1410 1196 in
1436 1172 1542 1214 agro
1573 1156 1757 1197 Gloces-

265 1234 444 1274 striensi
477 1235 489 1254 ‘²
536 1233 579 1272 in
634 1248 720 1289 quo
768 1232 948 1288 praedia
988 1232 1122 1272 multa
1175 1232 1446 1288 possidebat.
1496 1234 1758 1291 Ignoramus

266 1319 424 1361 autem,
463 1309 685 1366 quomodo
728 1309 978 1366 impleverit
1016 1309 1257 1352 NYalterius
1292 1325 1449 1350 munus
1489 1310 1608 1351 istud
1645 1310 1755 1351 nihil

264 1403 369 1435 sane
387 1387 510 1427 ardui
533 1386 806 1437 habiturum,
823 1401 920 1427 cum
938 1386 1420 1442 errantibusjudicibus
1436 1385 1755 1444 invigilandum

266 1473 436 1505 tantum
462 1463 592 1504 modo
614 1472 732 1504 esset
751 1471 800 1504 ut
821 1464 1119 1520 praescriptae
1149 1463 1192 1503 in
1217 1462 1634 1519 aetionejudiciaria
1655 1479 1755 1504 con·

265 1541 454 1582 ditiones
490 1550 532 1582 et
552 1541 597 1581 in
632 1541 864 1581 sententiis
894 1556 915 1580 a
938 1540 1094 1580 vicinis
1119 1540 1277 1596 juratis
1307 1540 1477 1588 modus,
1510 1540 1599 1581 sive
1626 1540 1755 1581 inno-

263 1627 411 1659 centes
441 1619 528 1658 sive
555 1618 675 1658 noxii
703 1617 1038 1658 declararentur
1057 1617 1156 1667 viri,
1188 1625 1389 1658 accurate
1424 1626 1702 1658 servarentur
1722 1618 1750 1658 ³.

321 1695 562 1737 walterius
587 1695 703 1736 enim
726 1710 806 1752 pro
830 1710 904 1735 sua
928 1693 1160 1750 judiciaria
1189 1702 1313 1750 parte
1343 1709 1429 1733 non
1452 1693 1647 1750 loquitur
1668 1694 1755 1735 nisi

260 1773 368 1812 iram
407 1771 603 1828 proferat
635 1780 787 1813 contra
822 1771 1195 1828 praevaricantes3
1231 1770 1438 1811 Giraldus
1473 1771 1754 1812 Cambrensis

266 1848 442 1889 aliunde
479 1865 636 1890 munus
673 1848 880 1892 VValterii
915 1848 1144 1905 proprium
1180 1863 1267 1888 non
1298 1855 1472 1889 revocat
1498 1847 1583 1888 nisi
1616 1848 1755 1904 ipsius

263 1935 436 1966 accuset
456 1926 588 1966 variis
606 1926 649 1966 in
668 1926 858 1984 negotiis
881 1925 1174 1982 iniquitatem,
1202 1924 1384 1974 scilicet,
1405 1924 1581 1982 quando
1603 1933 1755 1966 contra

261 2002 447 2043 Judaeos
472 2012 543 2043 aut
565 2002 748 2043 Albatos
771 2002 1010 2042 monachos
1034 2010 1255 2058 ageretur,
1276 2001 1474 2057 justitiae
1496 2000 1755 2060 denegatio-

260 2095 391 2119 nem:
426 2100 441 2115 «
472 2082 580 2121 Cum
617 2096 637 2120 a
670 2080 791 2139 Rege
820 2079 874 2120 ad
904 2079 1039 2119 risum
1075 2087 1311 2136 provocato
1345 2078 1444 2118 talis
1480 2078 1752 2135 exceptionis

260 2171 386 2196 causa
432 2165 734 2213 quaereretur,
779 2155 1049 2212 respondere
1088 2154 1258 2195 solebat
1295 2155 1420 2195 valde
1458 2155 1669 2211 injustum
1709 2163 1752 2195 et

260 2232 491 2290 indignum
529 2233 638 2285 sore,
666 2233 885 2290 justitiam
914 2233 1001 2273 illis
1031 2241 1072 2273 et
1107 2232 1370 2288 aequitatem
1404 2232 1612 2272 exhibere
1641 2246 1750 2287 quos

259 2311 426 2365 justum
466 2318 508 2350 et
544 2326 729 2367 aequum
767 2310 936 2351 nemini
971 2325 1141 2350 servare
1181 2308 1414 2365 permittit,
1454 2309 1560 2365 quin
1605 2308 1752 2364 potius

265 2384 476 2441 injuriose
513 2402 686 2443 semper
722 2395 763 2428 et
797 2386 949 2443 inique
990 2402 1060 2426 res
1104 2385 1267 2426 alienas
1302 2400 1533 2442 occupare,
1577 2384 1749 2440 sibique

262 2461 402 2502 modis
425 2463 629 2503 omnibus
657 2463 773 2520 quod
797 2479 921 2504 suum
945 2478 1034 2504 non
1057 2471 1150 2503 erat
1171 2478 1343 2519 rapere,
1367 2461 1562 2519 totisque
1580 2461 1750 2502 nisibus

261 2546 303 2578 ct
339 2538 497 2579 studiis
539 2540 824 2597 appropriare
868 2539 1087 2597 cupiditas
1122 2555 1253 2596 prava
1286 2538 1512 2595 compellit
1539 2539 1552 2559 ⁴
1587 2555 1627 2578 ».
1672 2537 1751 2578 Hic

298 2719 326 2748 ‘l.
347 2718 513 2749 Giraldus
537 2718 760 2750 Cambrensis
783 2731 900 2760 opera,
924 2721 977 2757 lv,
1004 2721 1074 2751 219.

298 2767 327 2796 2.
349 2766 429 2796 Foss
450 2767 586 2808 JmIges,
609 2767 634 2803 Ι,
654 2778 688 2807 p.
711 2768 781 2798 276.
802 2769 931 2798 Madooe
951 2768 1112 2808 Exclzeq„
1133 2768 1160 2806 I,
1181 2778 1215 2807 p.
1242 2767 1313 2798 701.

298 2814 327 2843 3.
352 2814 514 2854 Stephen,
539 2814 686 2845 Genera]
703 2815 784 2844 view
805 2815 915 2854 os‘tlze
938 2814 1104 2845 Criminal
1125 2815 1207 2846 Law
1228 2815 1272 2855 of
1285 2813 1457 2856 England.

298 2861 328 2890 4.
352 2860 516 2892 Giraldus
538 2861 775 2898 Cambrcnsis,
796 2863 850 2900 IV,
873 2863 943 2892 219.
