1842 3288
214 237 249 267 10
700 245 750 270 DE
783 244 1007 270 WALTERIO
1043 245 1200 271 MAPPIO

209 327 372 369 diutius
406 329 528 380 vixit,
570 344 704 386 quum
745 330 876 371 etiam
913 345 1031 371 nunc
1065 331 1109 372 in
1151 331 1445 388 Delphinatus
1477 340 1519 373 et
1553 331 1701 374 Rede-

208 405 363 445 montii
386 405 574 446 vallibus
604 406 739 463 hujus
773 415 917 448 sectae
946 408 1104 467 viginti
1133 407 1223 449 sere
1255 415 1522 450 sectatorum
1558 408 1698 450 millia

207 490 511 523 numerentur.
540 483 660 535 Quae
684 499 706 524 a
730 483 1021 541 Lugdunensi
1049 485 1240 542 quodam
1277 494 1537 536 mercatore,
1563 486 1694 527 Petro

210 558 410 611 XValdcz,
445 559 636 615 primum
677 560 896 613 instituta,
940 577 1053 602 anno
1089 562 1178 603 sere
1222 561 1351 613 1177,
1395 577 1482 603 non
1522 561 1699 619 quidem

212 635 417 692 dogmata
451 636 669 678 catholica
699 638 948 690 immutare,
981 638 1057 679 scd
1088 638 1350 680 clericorum
1386 654 1530 679 mores
1560 639 1702 680 refor—

216 726 332 752 mare
369 714 603 756 statuebat.
638 715 879 771 Postquam
915 715 1031 756 enim
1070 716 1323 772 Scripturas
1358 731 1504 756 sacras
1537 715 1579 756 in
1614 715 1700 756 lin-

215 803 342 845 guam
377 789 599 847 vulgarem
628 792 737 832 verti
761 792 908 848 jussit,
934 792 1202 849 pauperibus
1234 793 1483 833 distributis
1512 792 1700 833 fortunis

215 866 435 914 omnibus,
461 867 582 908 dives
600 867 672 909 ille
693 877 926 920 mercator,
952 885 1082 926 quem
1100 870 1245 910 subito
1269 886 1385 910 mors
1407 869 1537 911 amici
1559 871 1700 926 cujus-

216 941 315 982 dam
337 944 567 985 subitanea
588 953 867 986 converterat
896 945 950 986 ad
978 947 1137 998 Deum,
1168 947 1373 1004 regiones
1402 945 1699 1003 praedicando

215 1034 450 1077 peragrare
467 1022 627 1079 coepit.
647 1023 835 1064 Necesse
848 1031 956 1071 erat,
978 1023 1235 1081 sicorrupta
1256 1024 1443 1066 societas
1458 1040 1479 1065 e
1495 1024 1700 1065 vitiorum

217 1111 354 1137 coeno
382 1098 552 1139 renasci
588 1108 784 1156 cuperet,
817 1099 1054 1141 nonnullos
1088 1101 1291 1160 egregios
1320 1101 1436 1142 viros
1466 1100 1706 1158 apostolica

214 1174 384 1230 praeful
411 1185 566 1234 gentes
593 1177 681 1218 vita
707 1193 920 1234 apparere
949 1179 1024 1235 qui
1058 1178 1187 1219 nudis
1217 1178 1403 1234 pedibus
1438 1178 1593 1220 orbem
1621 1187 1707 1219 ter-

215 1267 361 1292 rarum
407 1253 744 1310 perlustrarent.
789 1256 1205 1296 Excommunicatus
1245 1272 1264 1296 a
1312 1271 1424 1312 papa
1470 1256 1603 1296 Lucio
1649 1256 1707 1296 III

216 1330 373 1370 Petrus
395 1330 629 1371 Valdensis
651 1331 696 1372 in
713 1332 971 1373 Bohemiam
994 1332 1235 1373 moriturus
1259 1332 1383 1374 abiit.
1404 1333 1540 1389 Cujus
1556 1332 1708 1373 orbata

218 1406 429 1456 consiliis,
454 1416 569 1449 secta
593 1424 746 1450 recens
769 1409 963 1450 indolem
989 1409 1214 1466 propriam
1237 1409 1398 1460 amisit,
1425 1417 1471 1450 ut
1497 1408 1707 1451 nonnulla

218 1483 641 1525 Petrobusianorum
680 1494 927 1527 commenta
973 1486 1273 1543 profiteretur,
1311 1486 1480 1527 scilicet
1518 1502 1598 1543 pro
1634 1485 1712 1527 de-

219 1560 378 1601 functis
401 1561 682 1620 rogationum
706 1563 1008 1615 inutilitatem,
1037 1563 1501 1621 indulgentiarumque
1523 1563 1713 1604 etinter-

220 1638 433 1679 cessionis
458 1639 723 1680 Sanctorum
754 1640 1084 1696 pessumdatam
1114 1640 1496 1682 consuetudinem.
1525 1641 1710 1698 Insuper

217 1717 288 1772 jus
330 1715 616 1772 proprietatis
658 1716 912 1759 damnatum
953 1726 995 1759 et
1034 1717 1223 1759 militare
1264 1716 1458 1759 officium
1499 1717 1711 1758 abolitum

219 1792 401 1849 speciali
424 1794 551 1853 signo
568 1795 682 1835 hanc
705 1795 925 1846 haeresim
948 1795 1178 1848 notabant,
1203 1810 1313 1852 quae
1335 1794 1458 1835 brevi
1478 1810 1558 1852 per
1580 1794 1712 1835 meri-

221 1870 442 1911 dionalem
478 1870 683 1924 Galliam,
715 1872 883 1913 Italiam
926 1872 1324 1929 septentrionalem
1361 1880 1404 1913 et
1441 1871 1711 1930 Aragoniam

220 1956 419 2005 grassata
439 1957 518 1989 est.

282 2026 345 2065 Ex
366 2025 463 2082 ipso
483 2034 682 2082 tempore
705 2042 791 2083 quo
809 2026 951 2068 Gallia
974 2027 1212 2068 reformare
1230 2026 1473 2068 Ecclesiam
1494 2026 1708 2076 tentabat,

223 2101 318 2142 sine
348 2118 425 2158 spe
462 2110 608 2143 tamen
635 2102 775 2144 felicis
808 2119 1053 2153 successus,
1084 2104 1170 2144 vim
1199 2120 1353 2144 novam
1383 2104 1525 2160 Papae
1561 2102 1712 2144 eadem

224 2178 367 2219 Gallia
383 2177 610 2229 afferebat,
628 2180 793 2220 clerum
810 2180 1059 2238 regularem
1077 2180 1352 2238 adaugendo.
1371 2179 1579 2232 Quamvis
1595 2179 1711 2220 enim

225 2271 313 2296 non
356 2264 451 2296 orta
482 2256 538 2297 sit
578 2257 621 2297 in
658 2257 799 2298 Gallia
839 2258 1106 2298 monasticae
1142 2256 1255 2298 vitae
1296 2257 1515 2298 institutio
1552 2256 1710 2313 prima,

227 2333 269 2372 in
299 2333 380 2373 hac
406 2341 553 2374 tamen
583 2335 782 2391 regione,
808 2335 982 2376 saeculo
1009 2341 1105 2387 xl1⁰‚
1131 2334 1280 2375 floruit
1302 2335 1446 2391 primo
1467 2333 1715 2375 coenobiti-

224 2425 322 2450 cum
346 2426 527 2468 germen
550 2411 848 2469 undequaque
879 2412 1143 2453 seminatum
1168 2429 1176 2452 ε
1209 2427 1368 2468 nempe
1395 2412 1510 2452 inter
1537 2410 1647 2452 1080
1675 2419 1718 2451 et

226 2482 354 2535 1130,
379 2485 618 2535 Lemovici,
650 2486 1025 2542 Majoris-Montis
1051 2486 1385 2537 monasterium,
1411 2484 1718 2542 Gratianopoli

224 2561 630 2613 Carthusiensium,
649 2563 1026 2605 Fontevraltensis
1049 2563 1159 2604 ordo
1178 2563 1223 2604 in
1246 2561 1511 2604 Pictaviensi
1533 2561 1716 2620 regione

226 2637 458 2691 florebant,
496 2639 750 2696 pariterque
787 2640 1097 2681 Cisterciensis
1132 2656 1271 2697 prope
1306 2639 1555 2690 Divionem,
1588 2639 1718 2679 Prae-

228 2724 495 2756 monstratus
522 2716 737 2767 Lauduni,
770 2732 944 2758 necnon
978 2716 1343 2759 Sancti—Victoris
1370 2715 1568 2757 Lutetiae
1597 2714 1718 2757 Pari-

230 2791 410 2834 siorum.
448 2792 763 2851 Multiplicatio
797 2803 941 2836 autem
975 2794 1280 2854 Regularium,
1313 2809 1423 2851 quae
1460 2808 1548 2835 non
1585 2807 1715 2833 unam
