1873 3329
88 421 311 462 dominum
348 421 601 461 Fui-stinum
639 419 755 477 qnod
791 419 897 459 mihi
933 418 1018 458 duo
1047 417 1134 458 liba
1161 417 1212 458 de
1243 417 1399 457 vestris
1432 417 1573 458 domi-

88 497 197 539 nicis
220 496 359 538 daret.
388 498 472 549 Qui
498 496 726 554 respondit
753 513 759 535 :
792 494 917 536 Nolo.
954 496 1061 536 Cum
1092 503 1234 535 autem
1265 502 1414 550 postea
1444 494 1574 536 vellet

87 575 215 615 breve
251 589 393 622 suum,
425 589 593 614 memor
617 572 732 613 illins
756 571 882 620 Nolo,
910 571 1113 611 similiter
1135 571 1222 611 dixi
1255 587 1262 610 :
1288 570 1414 612 Nolo.
1445 590 1464 609 »
1484 572 1574 612 Rex

534 333 582 358 DE
616 332 825 358 waurnnn
862 331 1004 357 MAPPH
1038 330 1137 356 VITA
1536 327 1574 355 03

84 666 204 698 vero,
243 650 365 691 addit
400 649 656 698 XValtcrius,
692 648 1000 688 condemnavit
1034 662 1130 688 eum
1167 648 1241 704 qui
1284 647 1452 688 dixerat
1489 649 1576 705 pri-

86 743 185 768 num
220 727 346 767 Nolo.
379 747 399 765 «
428 727 591 768 Sedere
622 726 724 766 fecit
751 725 888 766 Adam
919 724 971 765 ad
1001 740 1222 765 scamnum
1254 740 1399 764 eoram
1429 725 1573 781 posito

83 803 229 862 sigillo
266 804 474 861 brevique
506 803 725 852 Furstini;
756 802 899 858 coegit
927 810 1069 842 autem
1099 801 1372 849 Furstinu1n‚
1402 802 1571 857 abjecto

82 880 233 938 pallio,
266 881 454 937 genibus
484 879 622 927 flexis,
653 879 772 920 Adae
802 887 1082 935 praesentare
1111 878 1196 919 duo
1219 877 1402 935 gastella
1433 879 1568 937 regia,

82 957 252 998 mantili
275 956 462 998 candido
495 955 704 997 decenter
733 955 941 1005 involuta,
974 963 1266 1011 susceptoque
1289 955 1417 995 xenio
1440 956 1571 1011 jussit

80 1042 127 1075 ut
148 1034 286 1075 Adam
311 1034 394 1090 ipsi
416 1035 546 1075 breve
570 1033 776 1074 redderet
799 1035 823 1072 ¹.
853 1050 873 1071 »

140 1110 401 1152 Cancellarii
433 1111 567 1168 igitur
596 1110 758 1167 regalis
787 1110 944 1151 Curiae
974 1109 1143 1167 egregii
1169 1108 1252 1149 viri
1280 1109 1566 1165 apparebant,

79 1204 188 1245 quos
218 1188 408 1229 revereri
425 1189 618 1244 jusserat
646 1187 862 1228 Henricus
886 1187 939 1235 II,
971 1195 1014 1227 et
1042 1185 1117 1242 qui
1147 1185 1275 1226 electi
1305 1193 1430 1226 erant
1457 1186 1570 1226 inter

80 1265 313 1322 praecipue
336 1272 518 1305 amatos.

137 1343 230 1382 Jam
265 1357 369 1382 vero
397 1357 483 1382 non
517 1340 682 1382 diutius
716 1340 980 1383 NValterium
1013 1355 1089 1380 rex
1118 1339 1216 1379 sivit
1250 1339 1293 1379 in
1325 1337 1399 1379 illo
1435 1346 1565 1387 statu,

79 1418 324 1460 honorifico
341 1418 518 1476 quidem
546 1418 729 1459 nimium
751 1434 852 1458 vero
870 1417 1014 1460 otioso
1037 1431 1229 1457 manere.
1255 1415 1385 1456 Brevi
1401 1416 1564 1456 socium

79 1497 145 1537 sui
173 1495 275 1537 fecit
303 1495 731 1537 administrationem
761 1493 1082 1535 reformandam
1107 1492 1407 1549 suscipientis,
1434 1492 1566 1533 vitae-

77 1588 160 1630 que
196 1572 415 1614 instabilis
449 1581 578 1630 atque
613 1571 819 1629 politicae
861 1570 1021 1630 agendi
1062 1570 1244 1611 rationis
1284 1569 1560 1626 participem.

77 1649 192 1690 Haec
215 1649 362 1690 omnia
392 1665 471 1706 per
498 1648 698 1690 ordinem
722 1647 937 1689 narranda
961 1647 1090 1688 nobis
1119 1654 1370 1687 occurrunt.

132 1726 260 1767 Anno
289 1725 338 1767 Di
375 1725 487 1767 1170
507 1726 535 1776 2,
561 1726 631 1766 vix
657 1725 818 1782 elapsis
850 1724 1001 1765 decem
1030 1724 1155 1764 annis
1186 1731 1286 1779 post
1314 1722 1357 1762 in
1385 1722 1561 1762 domum

73 1802 238 1862 regiam
273 1802 520 1853 introitum,
564 1801 803 1845 XValterius
841 1809 927 1841 tam
965 1801 1076 1841 bene
1114 1799 1348 1840 amicitiam
1384 1799 1561 1840 Henrici

71 1887 247 1935 captare
264 1887 461 1927 noverat,
482 1887 574 1919 tum
591 1878 804 1935 peculiari
821 1877 1100 1927 auctoritate,
1119 1884 1211 1917 tum
1229 1875 1561 1916 conversatione

70 1955 184 1997 inter
217 1971 366 2014 regem
405 1955 663 1997 bellicosum
710 1964 753 1995 et
793 1955 1033 1995 ferventem
1074 1952 1475 2010 archiepiscopum,
1515 1959 1561 1991 ut

68 2031 202 2092 legati
233 2048 390 2074 munus
415 2032 500 2089 ipsi
528 2032 844 2089 imponeretur.
875 2031 1081 2083 Quamvis
1110 2029 1368 2070 brevissime
1397 2027 1449 2068 de
1479 2028 1559 2068 hac

67 2125 112 2150 re
152 2109 324 2151 locutus
365 2110 422 2151 sit
461 2108 719 2158 Walterius‚
757 2108 864 2149 satis
907 2107 1073 2149 notavit
1107 2115 1153 2148 ut
1191 2106 1319 2147 nobis
1363 2105 1558 2146 muneris

67 2187 290 2228 commissi
326 2186 564 2228 difficultas
598 2186 780 2227 eluceat.
821 2185 920 2227 Sive
953 2193 1051 2226 ante
1087 2184 1174 2224 sive
1208 2191 1309 2240 post
1334 2181 1558 2224 Freteval-

65 2262 188 2305 lense
220 2263 507 2322 colloquium,
539 2262 758 2307 Walterio
792 2262 994 2303 incubuit
1026 2275 1288 2319 praeparare
1323 2267 1395 2300 aut
1424 2258 1556 2316 perfi-

109 2426 138 2457 1.
157 2428 204 2456 De
225 2426 342 2468 Nugis,
366 2437 400 2466 p.
427 2426 498 2456 231.
516 2425 610 2455 lnsra
632 2425 814 2465 loquemur
831 2425 872 2455 de
895 2424 1070 2454 discordia
1090 2423 1179 2453 inter
1198 2421 1402 2452 Walterium
1419 2425 1451 2450 et
1465 2420 1555 2451 God-

69 2472 195 2503 sridum
217 2473 312 2513 regis
337 2473 462 2511 filium,
483 2483 571 2514 quae
589 2477 665 2502 orta
688 2476 740 2502 cst
764 2482 841 2501 cum
869 2471 1057 2503 Godfridus
1082 2471 1124 2500 ad
1145 2469 1341 2501 custodiam
1359 2467 1554 2509 sigillorum

63 2524 244 2560 promotus
270 2520 346 2550 fuit.

103 2567 133 2597 2.
165 2567 328 2598 Fatemur
359 2567 508 2598 libenter
539 2567 670 2607 scripta
698 2565 855 2596 Walterii
887 2565 1020 2607 Mappii
1048 2575 1136 2606 quae
1159 2575 1179 2594 a
1209 2562 1397 2594 lectoribus
1421 2562 1554 2602 perlegi

62 2614 235 2655 cupimus,
259 2625 326 2644 non
347 2619 466 2646 exacte
488 2620 626 2655 tempus
649 2613 800 2644 indicere
822 2612 925 2653 hujus
957 2613 999 2643 ad
1026 2612 1239 2643 L'udovicum
1266 2610 1326 2640 vll
1354 2609 1552 2649 legationis.

62 2660 168 2691 Plura
210 2665 326 2692 tamen
365 2666 572 2702 argumenta
607 2661 696 2690 hunc
733 2670 859 2690 annum
900 2660 979 2689 1170
1011 2660 1159 2689 innuunt
1193 2669 1200 2688 :
1229 2660 1259 2689 1⁰
1299 2656 1363 2686 hoc
1403 2655 1556 2685 admittit

62 2707 205 2748 morley,
231 2708 292 2744 ΠΙ,
311 2708 388 2744 125;
412 2710 444 2738 2⁰
466 2708 671 2739 nonnullum
695 2706 839 2737 verbum
867 2706 994 2747 capitis
1023 2707 1205 2746 cujusdam
1232 2707 1278 2735 De
1298 2702 1403 2743 Nugz’s
1424 2702 1554 2732 indicat

63 2764 162 2785 suam
177 2755 389 2794 legationem
407 2766 485 2786 esse
507 2760 661 2786 secutam
680 2753 891 2794 colloquium
912 2754 1059 2784 duorum
1080 2764 1202 2794 regum
1222 2750 1382 2782 habitum
1402 2750 1450 2789 (p.
1467 2750 1550 2790 214).

65 2816 78 2829 ι
102 2801 255 2843 Regibus
278 2802 473 2842 praedictis
492 2801 770 2843 colloquentibus
795 2801 828 2830 in
847 2800 979 2841 Campo
997 2801 1158 2838 Maximo,
1179 2800 1426 2829 circumstante
1445 2797 1553 2826 multa

61 2848 211 2880 militum
242 2859 370 2880 corona
404 2865 431 2882 a.
469 2849 569 2886 Quod
603 2860 684 2880 sane
702 2848 897 2879 stationem
929 2848 962 2878 in
994 2846 1242 2879 Fretevallensi
1273 2852 1396 2883 campo
1423 2845 1552 2874 referre

61 2895 197 2927 videtur
219 2896 314 2928 Julio
336 2897 416 2928 1170
434 2907 562 2928 mense.
