1842 3288
250 288 289 317 94
744 292 794 316 DE
827 292 1050 317 WAL'rEnlO
1085 293 1240 318 ΜΑΡΡΙΟ

250 377 384 418 bunal
432 376 752 433 Magnimontis
794 377 1108 418 monachorum
1168 394 1296 418 causa
1345 379 1505 436 agitur,
1543 378 1744 435 judicum

253 454 514 510 segnitatem
559 468 606 492 ac
647 452 899 494 tarditatem
935 463 1071 504 notat,
1111 472 1130 491 «
1178 454 1279 511 quia
1326 455 1520 496 nondum
1564 464 1744 496 verrunt

250 532 408 571 bursae
449 529 666 585 judicium
711 530 759 567 »¹

768 563 776 579 ,
821 539 892 570 aut
932 539 1079 571 narrat
1120 531 1439 587 Ilospitalibus,
1494 532 1596 573 dum
1650 533 1745 588 ipse

250 609 413 648 Romae
453 605 693 655 residebat,
727 607 1053 662 jurisdictionis
1091 624 1190 648 suae
1222 609 1338 663 jura,
1376 608 1559 649 forsitan
1596 626 1616 649 a
1642 624 1742 649 con-

249 684 351 724 eilio
386 699 481 723 csse
515 685 700 739 negata²
737 700 744 723 :
790 702 809 722 «
849 684 924 724 scd
966 685 1165 727 Concilio
1203 685 1345 725 soluto
1386 685 1531 725 statim
1572 686 1744 741 aperuit

251 777 378 819 rugas
402 760 491 801 oris
516 760 582 800 sui
605 760 782 801 domina
804 761 951 810 bursa,
978 777 1087 818 quac
1117 778 1214 802 (tum
1244 778 1329 802 non
1360 762 1414 802 sit
1438 777 1575 809 amor,
1607 763 1742 803 vincit

246 847 391 878 tamen
436 837 581 878 onmia
627 838 809 886 Romae,
860 838 1050 894 factique
1089 855 1237 879 sumus
1281 839 1437 879 iterum
1481 839 1543 879 eis
1578 839 1740 895 praeda

246 915 492 973 privilegiis
528 914 769 955 virtuosius
803 914 1015 955 firmatis³
1052 933 1090 956 )).
1129 917 1211 956 Aut
1255 917 1512 973 episcopum
1551 915 1743 972 denique

250 992 644 1041 Saresburensem,
714 991 974 1041 Jocelinum,
1036 992 1262 1049 filiumque
1322 995 1414 1049 ejus
1474 992 1740 1033 Bathensem

248 1070 505 1126 episcopum
552 1068 816 1108 altercantes
860 1068 1029 1109 inducit
1075 1085 1082 1108 :
1127 1069 1459 1110 Cantuariensis
1508 1069 1745 1126 episcopus

246 1143 363 1185 hune
400 1161 660 1187 consecrare
705 1146 940 1186 abnuebat.
971 1145 1192 1186 Jocelinus
1228 1162 1359 1205 ergo,
1391 1162 1488 1187 eum
1520 1147 1744 1186 Romanae

249 1221 407 1262 Curiae
431 1222 547 1263 haud
571 1238 749 1279 exspers
774 1231 888 1262 esset
908 1247 964 1252 —
992 1231 1085 1263 erat
1107 1222 1221 1263 enim
1252 1223 1425 1279 origine
1448 1221 1741 1271 Lombardus,

247 1323 303 1328 —
338 1299 532 1357 gementi
563 1299 810 1360 Reginaldo
847 1316 855 1339 :
901 1318 917 1337 «
962 1299 1121 1350 Stulte,
1163 1299 1285 1340 velox
1321 1299 1373 1339 ad
1404 1300 1567 1356 Papam
1602 1299 1741 1344 evola,

248 1390 445 1426 securus,
491 1376 601 1416 nihil
630 1376 871 1426 haesitans,
897 1376 1072 1432 ipsique
1101 1377 1232 1416 bursa
1255 1376 1413 1433 grandi
1443 1392 1548 1432 paca
1582 1377 1741 1416 bonam

248 1451 433 1509 alapam,
480 1462 523 1493 et
564 1453 785 1498 vacillabit
834 1470 1112 1511 quocumque
1160 1453 1350 1493 volueris
1391 1471 1426 1493 ».
1471 1451 1746 1509 Reginaldus

247 1529 382 1587 igitur
416 1530 600 1570 Romam
633 1530 814 1587 petivit3
849 1549 869 1569 a
912 1531 1146 1587 percussit,
1194 1529 1410 1570 vacillavit
1449 1529 1538 1579 ille,
1584 1528 1746 1570 cecidit

252 1606 387 1663 Papa,
438 1607 628 1647 surrexit
673 1607 891 1664 pontifex,
932 1608 1199 1664 scripsitque
1235 1607 1379 1647 statim
1414 1606 1458 1647 in
1505 1606 1743 1647 Dominum

250 1684 468 1724 mentiens
521 1684 564 1724 in
612 1685 807 1725 omnium
858 1685 1056 1726 brevium
1107 1700 1285 1725 suorum
1332 1683 1587 1740 principiis3
1641 1698 1741 1723 nam

246 1760 321 1800 ubi
356 1760 586 1802 debuisset
617 1761 752 1801 scribi
786 1762 944 1802 bursae
984 1761 1126 1818 gratia
1162 1761 1242 1802 Dei
1273 1760 1413 1819 gratia
1460 1760 1682 1816 scripsit⁵.
1719 1777 1743 1799 »

246 1837 507 1889 Walterius,
557 1855 644 1880 non
687 1840 910 1880 Romanae
953 1839 1110 1881 Curiae
1157 1839 1294 1880 iratur
1345 1846 1533 1888 tantum,
1576 1837 1653 1879 sed
1703 1846 1748 1879 et

247 1913 410 1954 illudit.

303 1991 446 2032 Nullis
467 1991 581 2048 jocis
605 1992 823 2051 indulget,
845 2008 940 2033 cum
959 1992 1011 2033 de
1034 1992 1288 2033 monasticis
1306 1992 1538 2033 ordinibus
1555 1999 1712 2032 tractat
1733 2008 1741 2031 :

244 2076 364 2108 totus
400 2068 444 2109 in
493 2069 556 2109 ira
597 2078 677 2110 est.
725 2070 815 2111 Nec
853 2078 999 2110 tamen
1046 2069 1251 2110 omnibus
1304 2069 1530 2110 monachis
1576 2069 1743 2118 iratur;

246 2160 432 2201 quorum
483 2146 826 2193 institutionem,
877 2155 923 2187 ut
966 2146 1077 2186 insra
1118 2146 1278 2187 iterum
1332 2145 1544 2196 dicemus,
1594 2145 1743 2202 magni-

248 2221 374 2271 facit3
401 2231 504 2263 sunt
526 2238 652 2279 quos,
678 2223 734 2263 ob
761 2223 945 2264 virtutes
981 2239 1095 2272 suas,
1126 2222 1388 2273 castitatem,
1418 2230 1741 2279 paupertatem,

246 2299 504 2354 patientiam
566 2299 794 2349 colendos,
847 2300 951 2340 colit
1001 2308 1042 2340 et
1099 2308 1346 2340 veneratur.
1407 2299 1495 2340 Sed
1560 2300 1603 2339 in
1660 2299 1743 2339 hos

243 2375 469 2416 invehitur
511 2376 584 2432 qui
625 2393 646 2415 ((
685 2392 859 2417 omnem
895 2377 1015 2417 omni
1051 2376 1200 2417 studio
1232 2376 1342 2417 lueri
1369 2376 1480 2416 viam
1511 2375 1746 2416 inveniunt

247 2459 290 2492 et
338 2461 606 2509 sequuntur,
648 2454 723 2510 qui
763 2469 937 2494 omnem
985 2453 1189 2494 avaritiae
1230 2461 1399 2509 portam
1451 2452 1657 2509 aperiunt
1700 2459 1746 2492 et.

286 2606 314 2636 1.
337 2608 383 2636 De
404 2607 522 2647 NztgiS,
547 2617 581 2646 p.
602 2607 652 2637 29.

287 2654 317 2683 2.
344 2654 435 2683 Haec
456 2653 536 2693 jura
555 2658 652 2683 erant
677 2664 682 2683 :
710 2654 739 2684 si
757 2653 834 2694 quis
852 2654 997 2694 propria
1012 2653 1093 2693 jura
1113 2653 1196 2683 ordo
1217 2653 1381 2689 habebat,
1401 2652 1646 2693 episcoporum
1663 2651 1746 2693 jura

246 2710 313 2729 non
332 2700 491 2735 subibat;
512 2701 571 2731 sed
597 2701 625 2730 si
644 2701 727 2741 quid
748 2701 821 2731 litis
843 2706 928 2741 erat,
951 2701 994 2730 ad
1014 2701 1205 2731 Romanum
1226 2701 1380 2731 tribunal
1405 2700 1628 2730 deserebatur

288 2749 318 2777 3.
342 2750 388 2777 De
409 2748 526 2789 Nagis,
548 2759 583 2788 p.
609 2749 659 2779 37.

284 2796 316 2825 4.
335 2795 382 2825 De
405 2795 485 2825 1174
509 2796 552 2825 ad
576 2795 667 2826 1191.

289 2843 317 2871 5.
343 2844 390 2872 De
410 2842 528 2883 Νιιςὶε,
552 2853 586 2882 p.
607 2844 657 2879 35,
679 2844 731 2873 36.
