1873 3329
385 384 434 409 ΗΕ
470 384 632 409 nomm-3
666 384 714 409 Ac
752 383 801 408 DE
838 382 1002 408 VHUHUS
1036 381 1334 407 cociTA‘rioNJs
1562 378 1596 405 ‘³1

107 470 301 512 tionibus
339 486 385 509 ac
419 470 622 526 precibus
658 478 830 524 tempus
865 483 1140 514 consumere,
1176 466 1252 506 scd
1287 466 1326 505 in
1362 466 1444 511 his,
1490 481 1600 521 quae

109 548 176 587 vix
198 546 415 603 patienter
438 546 587 587 audias
621 563 626 585 ;
655 564 673 583 «
709 544 948 585 Descendit
979 560 1055 599 per
1090 543 1235 583 sunem
1266 558 1529 599 appensum,
1559 542 1598 581 in

108 622 269 670 medio,
308 623 441 663 mirae
481 621 796 679 magnitudinis
837 620 1086 678 murelegus
1135 619 1275 675 niger,
1323 634 1451 675 quem
1500 634 1596 659 cum

109 699 315 744 viderint,
352 699 590 740 luminibus
625 697 871 746 exstinctis,
904 697 1088 753 hymnos
1120 712 1205 736 non
1235 695 1487 743 decantant,
1513 710 1598 735 non

109 775 316 816 distincte
364 775 533 826 dicunt,
577 774 653 815 sed
707 774 930 814 ruminant
982 772 1162 813 assertis
1206 772 1431 819 dentibus,
1477 787 1599 811 acce-

109 852 307 909 duntque
355 853 427 892 ubi
473 851 698 892 dominum
746 866 870 891 suum
910 849 1111 890 viderant
1158 848 1405 905 palpanteS‚
1451 849 1603 888 inven—

110 938 290 986 tumque
332 929 659 972 deosculantur,
703 928 889 984 quisqm¹
937 926 1178 967 seeundum
1223 925 1342 982 quod
1389 924 1601 981 ampliore

111 1006 248 1046 fervet
276 1006 444 1046 insania
479 1004 704 1056 humilius,
738 1004 914 1061 quidam
946 1003 1096 1059 pedes,
1122 1002 1303 1059 plurimi
1333 1003 1414 1042 sub
1447 1001 1597 1050 cauda,

111 1082 311 1139 plerique
343 1082 548 1139 pudenda
592 1091 634 1123 et
665 1081 789 1138 quasi
825 1098 846 1121 a
875 1081 970 1121 loco
1003 1079 1183 1121 foetoris
1218 1087 1394 1135 accepta
1425 1078 1601 1119 licentia

110 1159 370 1218 pruriginis,
414 1159 602 1216 quisque
644 1158 728 1199 sibi
777 1158 1024 1215 proximum
1061 1165 1135 1198 aut
1168 1156 1412 1213 proximam
1445 1155 1605 1211 accipit

107 1236 538 1293 commiscenturque
586 1244 797 1292 quantum
845 1235 1033 1291 quisque
1080 1233 1323 1274 ludibrium
1365 1232 1602 1273 extendere

111 1313 368 1369 praevalet¹.
406 1332 424 1350 »
459 1314 632 1354 Sectam
668 1312 794 1353 aliam
830 1312 912 1352 etsi
966 1312 1110 1351 minus
1154 1310 1472 1355 inhumaniter,
1517 1324 1602 1349 non

110 1399 256 1430 tamen
298 1390 441 1430 minus
489 1390 648 1430 acriter
694 1390 908 1445 increpat.
957 1387 1201 1429 Valdenses
1254 1387 1369 1433 dico,
1418 1401 1603 1442 quorum

109 1465 279 1522 aliquot
305 1466 439 1507 duces
467 1467 631 1508 Romae
660 1474 944 1525 cognoverat.
972 1464 1089 1517 Quid
1116 1473 1262 1505 tamen
1289 1463 1332 1503 in
1365 1463 1433 1503 his
1456 1478 1602 1519 reprc-

111 1543 306 1584 henderc
353 1552 525 1600 poterat
570 1544 661 1600 qui,
706 1552 752 1583 ut
796 1543 958 1583 fatetur
1000 1542 1110 1598 ipse,
1156 1558 1176 1579 «
1226 1556 1439 1596 nusquam
1488 1547 1605 1579 certa

110 1619 276 1660 habent
313 1620 559 1673 domicilia,
599 1621 874 1661 circumeunt
910 1619 1016 1659 nudi
1058 1618 1216 1675 pedes,
1256 1616 1393 1658 laneis
1435 1616 1602 1666 induti,

55 1747 59 1752 ι
112 1696 174 1737 nil
226 1697 461 1744 habentes,
512 1697 658 1737 onmia
705 1697 788 1737 sibi
834 1695 1082 1737 communia
1133 1703 1343 1751 tanquam
1391 1691 1602 1750 apostoli,

112 1773 219 1814 nudi
261 1773 426 1814 nudum
469 1774 695 1815 Christum
736 1774 1000 1830 sequentes2
1042 1773 1094 1812 »Ρ
1134 1773 1274 1824 Quam
1315 1771 1370 1812 ob
1412 1785 1601 1820 causam,

110 1866 208 1891 cum
244 1866 265 1891 a
303 1850 517 1891 cardinali
558 1852 756 1892 Romano
799 1852 949 1906 jussus
989 1858 1055 1891 est
1089 1865 1163 1890 eos
1205 1849 1258 1890 de
1293 1848 1494 1888 doctrina
1531 1862 1606 1887 sua

113 1927 403 1984 interrogare,
450 1927 622 1982 insidiis
664 1943 738 1968 eos
777 1927 1110 1968 scolasticorum
1158 1941 1279 1967 more
1320 1924 1502 1972 invadit,
1549 1924 1607 1964 ita

113 2013 159 2045 ut
197 2004 327 2045 rudes
368 2012 496 2061 atque
542 2005 770 2061 imperitos
811 2004 885 2045 det
924 2003 1116 2045 ludibrio
1163 2011 1206 2043 et
1240 2003 1309 2043 his
1356 2001 1430 2058 qui
1474 2001 1608 2041 inter-

114 2081 277 2139 rogatis
323 2081 411 2122 illis
457 2081 693 2122 adsuerunt
743 2089 786 2122 et
829 2082 896 2122 his
945 2081 1021 2138 qui
1071 2095 1284 2137 responsa
1336 2094 1487 2119 eorum
1535 2085 1609 2118 aut

68 2186 75 2199 .
110 2167 215 2198 tunc
243 2158 447 2216 legerunt
474 2167 547 2199 aut
581 2158 710 2198 etiam
744 2173 861 2199 nunc
897 2157 1078 2215 legunt?
1108 2183 1166 2188 —
1200 2158 1455 2213 (Postquam
1491 2154 1606 2195 enim

113 2250 186 2275 eos
227 2244 510 2292 percontatus
556 2243 637 2283 est,
681 2251 785 2276 num
829 2235 1013 2276 credant
1058 2235 1102 2275 in
1152 2235 1292 2275 Deum
1345 2241 1387 2273 et
1433 2233 1605 2273 Patrem

111 2320 155 2353 et
186 2311 345 2353 Filium
377 2321 419 2353 et
457 2312 671 2368 Spiritum
717 2313 944 2364 Sanctum,
987 2312 1145 2353 iterum
1187 2318 1470 2368 percontatus
1514 2323 1604 2357 cos,

113 2404 217 2429 num
257 2397 299 2429 et
342 2407 362 2428 «
411 2390 457 2430 In
505 2398 687 2430 matrem
735 2389 900 2430 Christi
946 2388 1195 2440 crederent,
1241 2386 1603 2444 responderunt:

113 2465 361 2506 Credimus.
395 2467 432 2520 »)

174 2542 261 2583 Cur
284 2542 418 2599 igitur
446 2543 546 2584 huic
569 2552 710 2585 sectae
733 2552 819 2584 tam
847 2544 1067 2601 ingratum
1097 2551 1139 2583 et
1163 2541 1384 2583 insensum
1414 2540 1605 2580 animum

113 2619 310 2675 praebet,
347 2635 444 2660 eum
479 2636 558 2661 nec
593 2636 737 2661 mores
773 2636 852 2661 nec
885 2620 1091 2677 superbia
1132 2627 1275 2660 sectae
1317 2619 1447 2673 hujus
1484 2623 1606 2656 tanto

114 2696 311 2751 periculo
336 2696 556 2738 Ecclesiae
585 2698 674 2738 sint
695 2706 858 2755 quanto
882 2696 1200 2755 Albigeorum?
1222 2696 1278 2737 At
1300 2703 1342 2736 et
1363 2693 1607 2735 Valdenses

115 2772 338 2814 Ecclesiae
361 2774 665 2815 auctoritatem
688 2774 988 2826 infirmabant,
1007 2774 1110 2815 dum
1127 2773 1295 2830 aliquot
1309 2772 1426 2813 viros
1444 2770 1605 2811 exhor-

155 2893 184 2923 1.
206 2895 252 2923 Dc
275 2893 395 2934 NugiS,
413 2904 446 2933 p.
471 2894 523 2924 62.
547 2912 587 2916 —
605 2894 644 2930 Q.
664 2894 801 2934 Wright
826 2893 1053 2934 prooemium.

156 2941 186 2972 2.
210 2940 313 2978 Ibat„
339 2952 372 2981 p.
398 2945 449 2971 65.
