1873 3329
410 244 712 270 FABCLOSARUM
748 244 1052 270 NAunATioNUM
1089 245 1319 272 SCRIPTORE
1561 245 1619 274 1⁴25

126 346 298 372 severas
336 330 518 387 paginas
554 330 653 370 libri
684 329 735 369 ad
769 329 995 370 fovendam
1043 330 1247 386 pietatem
1281 332 1434 388 scripti
1459 334 1485 379 ¹,
1518 333 1617 373 dum

125 407 293 449 ludicra
331 406 462 447 medii
499 407 590 447 aevi
631 405 855 446 nwndacia
894 415 1039 447 versat
1061 408 1090 457 ²,
1125 407 1291 464 aliquid
1334 408 1385 448 ad
1427 409 1620 450 delecta-

126 484 292 526 tionem
321 492 469 540 aptum
494 483 558 524 vel
583 482 700 539 quod
731 483 926 522 moribus
951 482 1161 540 prodesse
1185 493 1329 541 queat,
1362 485 1544 535 invenit,
1577 485 1618 527 id

125 559 312 618 posteris
359 559 624 600 tradendum
679 559 1003 615 quamprimum
1051 568 1172 600 curat
1206 561 1233 601 ³.
1285 562 1621 603 Commentitias

125 636 317 693 denique
345 636 528 685 subulas,
560 651 667 692 quas
691 635 784 692 ipse
811 644 923 676 totas
960 636 1223 693 excogitavit
1249 654 1256 677 1
1286 637 1324 677 in
1357 638 1408 677 iis
1438 639 1544 695 quid
1567 639 1619 680 ad

127 729 295 754 morum
327 713 520 770 regulam
544 720 713 768 spectet
741 711 976 768 aliquando
1006 728 1093 753 non
1127 714 1232 754 satis
1267 714 1545 770 intelligitur,
1578 725 1619 756 at

126 789 280 830 saltem
316 789 550 830 verisimile
586 796 652 829 est
686 803 757 829 eas
791 788 1030 845 plurimum
1064 789 1282 846 adjuvisse
1318 799 1362 831 ut
1402 792 1616 833 anricus

125 866 346 907 secundus
368 865 643 922 vespertinas
666 865 796 905 horas
821 865 1006 906 falleret.

185 943 292 984 Inde
332 951 515 1000 apparet
552 957 636 982 uon
679 942 878 999 potuisse
919 958 971 983 ex
1012 943 1105 984 istis
1147 943 1314 1000 aliquid
1355 945 1540 1001 simplex
1578 954 1620 986 et

124 1036 258 1061 unum
294 1019 403 1060 fieri.
443 1019 563 1060 Licet
595 1018 885 1060 nihilominus
922 1028 1056 1060 totam
1090 1036 1235 1061 rerum
1271 1022 1428 1062 seriem
1466 1022 1505 1062 in
1535 1022 1620 1063 duo

122 1113 284 1156 genera
323 1096 608 1147 distribuere,
643 1111 830 1152 quorum
865 1096 1050 1137 alterum
1083 1113 1183 1138 vera
1220 1098 1419 1138 continet
1451 1108 1493 1139 ct
1528 1115 1620 1140 eam

117 1172 442 1231 jucunditatem
473 1171 616 1223 affert,
649 1188 778 1230 quam
815 1189 865 1214 ex
892 1173 1077 1215 historia
1106 1175 1398 1231 percipimus;
1434 1175 1619 1216 alterum

119 1251 236 1292 circa
257 1250 428 1291 litteras
450 1250 630 1306 proprie
646 1258 844 1291 versatur
862 1259 904 1291 et
925 1259 1159 1308 praecepta
1176 1251 1228 1292 de
1250 1252 1446 1292 moribus
1463 1252 1614 1293 tradit.

121 1328 332 1369 Seorsum
354 1335 589 1384 utrumque
606 1342 941 1383 persequemur,
965 1336 1250 1384 seponentes,
1270 1337 1315 1369 ut
1338 1328 1440 1369 illuc
1465 1338 1615 1385 postea

121 1405 369 1453 redeamus,
393 1403 642 1447 XVallenses
665 1403 830 1445 fabulas
854 1413 896 1445 et
919 1404 954 1445 si
983 1404 1089 1462 quid
1112 1404 1164 1445 ad
1187 1405 1232 1446 id
1256 1406 1492 1462 pertineat.

850 1575 886 1615 II

174 1678 311 1718 Nemo
335 1693 497 1736 negare
519 1677 677 1735 possit,
703 1693 832 1719 nemo
861 1686 992 1735 negat
1020 1677 1182 1719 librum
1211 1679 1276 1720 De
1306 1679 1448 1736 Nagz's
1476 1678 1616 1736 pluri-

118 1769 235 1795 mum
274 1754 421 1796 valere
457 1755 499 1795 in
538 1755 740 1806 historia,
777 1754 939 1795 etenim
975 1754 1136 1796 indicia
1167 1755 1398 1812 quaedam,
1439 1755 1492 1796 ad
1532 1756 1615 1796 hoc

115 1839 290 1887 tempus
331 1831 543 1880 inaudita,
582 1840 624 1873 et
663 1831 715 1872 de
753 1832 885 1872 rebus
926 1840 969 1873 et
1008 1831 1061 1872 de
1101 1833 1304 1888 personis
1336 1848 1356 1873 a
1397 1831 1615 1875 XValterio

114 1908 380 1965 accepimus.
412 1908 587 1949 Accidit
609 1908 787 1966 quidem
813 1908 988 1965 saepius
1011 1917 1058 1949 ut
1077 1909 1252 1966 vulgata
1276 1909 1391 1966 apud
1416 1910 1612 1951 Saxones

115 1992 158 2025 et
182 1985 460 2025 Normannos
483 1985 746 2026 documenta
761 1986 775 2006 ‘
796 2001 913 2026 mera
935 1985 1180 2027 imitatione
1203 1985 1435 2035 redderet3
1461 2002 1612 2027 rursus

113 2069 260 2102 autem
289 2061 518 2118 quaedam,
545 2062 740 2103 nondum
772 2062 816 2102 in
848 2062 971 2103 libris
1003 2062 1154 2112 relata,
1181 2071 1225 2103 et
1252 2078 1356 2103 sane
1385 2078 1472 2103 non
1510 2062 1610 2103 nul-

115 2137 200 2179 lius
217 2138 444 2187 momenti,
466 2147 566 2180 nota
592 2138 694 2180 fecit
717 2138 861 2187 nobis,
888 2154 962 2180 seu
980 2138 1034 2180 de
1057 2139 1449 2181 Carthusianorum
1471 2139 1609 2197 origi-

117 2215 289 2266 nibus⁵,
314 2231 389 2256 seu
413 2215 466 2257 de
489 2216 626 2257 initiis
649 2215 819 2257 ordinis
843 2216 1223 2273 Templariorum⁶
1245 2225 1288 2257 et
1309 2217 1354 2257 in
1378 2216 1472 2257 dies
1495 2232 1607 2258 cres-

113 2292 316 2333 centibus
350 2307 502 2334 eorum
534 2293 700 2333 divitiis
721 2294 750 2334 ⁷.
793 2292 897 2341 Sed,
938 2301 1037 2334 ante
1071 2294 1231 2345 omnia,
1267 2293 1416 2350 plures
1454 2294 1608 2335 aetatis

154 2421 185 2451 1.
208 2421 295 2453 Dist.
315 2421 385 2460 1v=‚
406 2432 484 2462 cap.
506 2422 555 2458 15,
578 2425 665 2452 Acca
685 2425 892 2452 sanctorum.

151 2469 182 2498 2.
208 2468 294 2499 Dist.
324 2469 392 2507 1v²‚
410 2479 488 2510 cap.
514 2471 544 2500 6.
570 2468 656 2499 Dist.
677 2469 714 2500 1².
741 2480 823 2510 pag.
843 2469 914 2500 138.
936 2469 1023 2500 Dist.
1044 2469 1100 2505 11³,
1125 2479 1201 2509 cap.
1225 2469 1275 2499 29.
1300 2469 1433 2499 Fabula
1459 2470 1499 2500 de
1525 2470 1613 2500 Tur-

113 2526 289 2594 plzifbist.
313 2563 351 2598 1³,
374 2574 451 2604 cap.
473 2563 509 2593 21
533 2568 565 2594 et
587 2565 637 2594 22.
666 2563 748 2594 well
767 2563 807 2603 of
826 2567 911 2604 Tyre
929 2564 1013 2594 mse.
1040 2564 1115 2594 Lib.
1137 2564 1185 2601 18,
1208 2564 1257 2603 19,
1283 2565 1334 2601 20,
1355 2565 1405 2595 31.

147 2610 178 2640 4.
196 2609 292 2646 Vide,
319 2610 468 2650 exempli
489 2610 615 2650 gratia,
643 2622 677 2651 p.
701 2612 739 2641 79
761 2616 793 2640 et
817 2612 872 2650 993
899 2615 1082 2651 praeterea
1095 2610 1131 2641 id
1152 2611 1246 2652 quod
1275 2611 1316 2641 de
1343 2611 1511 2642 Godwino
1537 2621 1613 2640 nar-

108 2660 245 2736 ‘algrbe
262 2704 382 2745 Nugis,
408 2714 444 2745 p.
466 2705 518 2735 27.

150 2753 180 2782 6.
200 2751 301 2787 lbid.,
322 2762 355 2791 p.
380 2752 430 2781 29.

150 2799 180 2830 7.
201 2798 288 2829 lbid.
310 2799 396 2829 Dist.
420 2799 495 2836 111³,
517 2809 596 2838 cap.
617 2800 634 2829 3
655 2804 688 2830 et
706 2799 736 2830 [4.
