1842 3288
228 298 266 327 28
722 299 771 324 υΕ
806 299 1029 324 WALTssuio
1064 298 1219 324 MAPPlo

226 387 470 428 litterarum
507 385 633 440 copia
674 400 802 441 quam
852 384 1083 425 curialium
1127 384 1361 425 verborum
1398 384 1551 426 facetia
1586 401 1714 442 prac-

226 464 409 504 clarus¹.
445 481 463 501 υ
507 461 616 503 Aliis
659 461 701 502 in
749 461 857 502 locis
899 461 1103 502 nonnihil
1146 460 1348 501 laudibus
1389 461 1527 510 addit,
1578 463 1714 504 facete

225 540 338 580 dicta
375 548 415 580 et
447 539 601 579 satiras
644 538 761 579 illius
803 553 1151 579 commemorans
1186 554 1193 577 :
1228 555 1248 575 «
1283 537 1405 578 Sales
1443 539 1713 595 soporiferos
1756 566 1760 570 ·

224 616 464 673 sapientiae
507 615 594 656 sale
647 615 847 656 conditos
901 624 943 656 et
990 615 1177 655 urbanas
1225 615 1639 671 reprehensiones‘2.
1691 634 1711 655 »

224 693 382 740 Foliot,
427 692 615 749 inclytus
650 693 902 748 episeopus,
934 701 975 732 ct
1015 692 1108 749 ipse
1143 692 1331 732 amicitia
1364 708 1459 732 cum
1499 691 1713 735 XYalterio

219 773 414 826 junctus,
446 770 594 826 paucis
616 770 761 809 verbis
791 769 941 826 quanti
968 778 1009 809 ut
1040 769 1243 826 scriptor,
1270 777 1315 810 ut
1339 769 1642 826 jurisperitus,
1669 779 1714 810 ut

226 846 399 887 vivendi
434 855 694 902 praeceptor
731 845 1029 886 aestimandus
1062 846 1133 897 sit,
1171 862 1250 886 nos
1285 846 1439 887 edocet
1470 862 1477 885 2
1512 863 1532 884 «
1562 846 1711 887 Trium

227 923 520 980 peritissimus
549 931 641 963 erat
662 922 928 981 linguarum,
956 922 999 962 in
1021 931 1167 963 vetere
1185 931 1226 964 et
1243 939 1352 964 nova
1374 922 1470 982 lege
1492 931 1709 972 versatus3

223 1000 288 1041 vir
311 1016 479 1040 morum
509 1008 550 1040 et
579 1000 819 1056 sapientiae
847 999 1096 1049 thesaurus,
1122 999 1235 1056 stylo
1265 999 1575 1056 limpidissimo
1605 999 1713 1041 luci-

224 1077 347 1118 dus³.
396 1095 413 1113 n
459 1076 546 1118 Sed
586 1093 683 1117 curn
725 1076 868 1136 fulgor
909 1076 1223 1117 Renovationis
1265 1076 1516 1118 duodecimi
1551 1077 1713 1118 saeculi

225 1155 339 1195 inter
379 1162 558 1194 eruenta
593 1153 707 1194 bella
743 1162 784 1194 et
812 1162 965 1209 turpes
1001 1153 1053 1193 de
1090 1162 1238 1194 saneta
1273 1153 1375 1194 sede
1405 1154 1712 1196 contentiones

226 1232 468 1272 exstinctus
492 1239 572 1280 cst,
600 1231 742 1288 imago
772 1231 942 1286 Mappii
967 1230 1154 1287 politici,
1181 1230 1379 1281 litterati,
1410 1230 1608 1288 religiosi
1631 1231 1713 1272 viri

227 1308 313 1348 cito
337 1307 563 1348 obsolevit.
586 1309 645 1348 Ea
669 1307 828 1364 quibus
852 1307 904 1347 de
928 1308 1046 1364 reg-ia
1068 1307 1196 1347 domo
1220 1307 1526 1364 Andegavensi
1549 1308 1713 1364 optime

227 1385 409 1426 meritus
427 1393 506 1431 est,
526 1400 658 1440 opera
683 1384 937 1424 nonnullius
961 1384 1004 1424 in
1028 1384 1188 1425 litteris
1212 1384 1438 1433 momenti,
1464 1384 1714 1441 praeclarae

227 1462 279 1501 de
304 1462 500 1501 moribus
523 1462 784 1510 sententiae,
803 1461 1047 1502 ememoria
1071 1461 1250 1502 omnino
1273 1461 1545 1502 exciderunt.
1571 1462 1714 1502 Pauca

223 1547 390 1579 tantum
421 1538 650 1595 ingeniose
685 1538 816 1586 dicta,
848 1554 1010 1594 paucae
1039 1547 1079 1578 et
1108 1539 1261 1579 breves
1291 1538 1446 1579 satirae
1473 1538 1714 1579 volitarunt

223 1631 301 1672 per
323 1631 397 1655 ora
425 1615 670 1667 hominum,
701 1614 832 1655 veluti
858 1615 1022 1671 reliqua
1054 1615 1185 1655 rudes
1208 1623 1251 1656 et
1277 1630 1431 1671 parum
1455 1615 1712 1656 exercitatas

222 1700 392 1732 mentes
424 1692 624 1750 graviore
659 1691 771 1732 mole
800 1700 1074 1732 onerassent.
1107 1693 1211 1732 Tam
1234 1691 1413 1751 ingrati,
1442 1699 1530 1732 tam
1558 1692 1712 1733 imme-

221 1785 365 1809 mores
413 1769 581 1825 posteri
628 1784 715 1808 non
763 1768 956 1809 suerunt.
1008 1770 1169 1810 Munus
1207 1777 1298 1809 erat
1345 1768 1485 1809 nostri
1530 1769 1709 1818 saeculi,

222 1845 365 1886 futura
397 1845 526 1886 simul
562 1861 717 1903 magna
758 1844 843 1885 fide
881 1846 1136 1902 prospicere
1171 1853 1213 1886 et
1246 1846 1484 1902 praeterita
1513 1854 1712 1902 tempora

222 1922 367 1963 colere
415 1922 576 1972 edocti,
620 1922 933 1963 historicorum
978 1922 1339 1980 religiosissimae
1388 1922 1491 1963 fidei
1541 1924 1712 1979 patien-

219 1999 418 2056 tiumque
446 1999 609 2039 laboris
640 1999 683 2039 in
713 1999 854 2039 lucem
883 1999 1082 2056 proferre
1111 1999 1278 2056 Mappii
1312 2014 1562 2056 personam,
1594 2015 1712 2040 asse-

222 2092 316 2117 rere
351 2076 474 2116 illum
508 2075 673 2133 aliquid
715 2077 854 2134 majus
889 2076 1023 2117 fuisse
1064 2092 1193 2133 quam
1236 2076 1516 2134 ingeniosum
1551 2077 1708 2125 virum,

223 2161 263 2193 et
285 2153 519 2193 ostendere
550 2153 593 2192 in
619 2153 758 2194 media
789 2152 1017 2210 republica
1044 2161 1264 2193 versatum
1286 2153 1492 2194 nonnihil
1515 2153 1644 2194 etiam
1666 2153 1712 2194 in

223 2230 417 2269 moribus
460 2229 679 2270 mutandis
726 2230 938 2286 potuisse.
984 2230 1093 2270 Cum
1134 2230 1164 2270 ii
1201 2229 1320 2270 docti
1352 2229 1433 2270 viri
1473 2229 1711 2286 plurimum

222 2305 355 2346 studii
375 2307 418 2346 in
444 2322 534 2346 rem
551 2307 848 2365 peragendam
872 2306 1188 2364 impenderint,
1214 2306 1340 2348 nobis
1363 2306 1493 2347 hodie
1507 2306 1712 2350 Walterii

221 2382 389 2440 effigies
410 2399 453 2424 se
476 2391 610 2424 totam
634 2384 894 2425 mirantibus
923 2383 1069 2435 offert,
1096 2392 1142 2425 ut
1160 2383 1331 2440 lapidea
1354 2383 1497 2441 signa,
1523 2399 1710 2441 quorum

218 2460 288 2499 vix
322 2460 532 2516 reliquiae
564 2470 840 2516 supererant,
872 2460 1029 2502 effossa
1058 2463 1207 2512 humo,
1238 2460 1424 2518 grandia
1459 2476 1558 2501 ossa
1591 2459 1711 2501 exhi-

218 2536 340 2576 bent.
373 2538 494 2577 Unus
530 2553 581 2577 cx
611 2537 677 2577 his
709 2538 783 2593 qui
813 2553 1093 2594 summopere
1128 2537 1392 2579 studuerunt
1419 2545 1466 2578 ut
1496 2536 1708 2578 maculam

220 2612 452 2654 oblivionis
476 2613 690 2663 eluerent,
724 2614 893 2671 Morley
927 2615 1036 2656 dixit
1070 2631 1158 2656 non
1194 2614 1327 2656 fuisse
1355 2622 1455 2655 ante
1480 2613 1709 2655 Caleerum

261 2760 290 2789 1.
312 2760 425 2801 Opera
452 2772 458 2791 ι
484 2762 510 2793 Ι.
531 2762 684 2797 271-289;
705 2763 760 2795 IV,
785 2763 854 2792 146.

260 2808 289 2837 2.
315 2808 487 2848 Speculum
513 2809 606 2845 E....,
628 2820 663 2849 p.
686 2820 780 2840 xxxx.

260 2856 288 2884 3.
315 2855 428 2895 Opera
452 2867 458 2886 ;
482 2856 506 2889 Ι,
527 2867 604 2896 cap.
627 2857 681 2892 123
706 2857 761 2888 lv.
783 2868 858 2897 cap.
885 2860 913 2887 5.
