1873 3329
591 295 639 320 m:
673 295 728 321 w.
768 294 922 319 ΜΑΡΙἸΟ
958 293 1089 318 POETA
1522 289 1577 316 201

102 396 187 421 nou
224 379 383 421 librum
431 379 575 420 statim
618 388 808 436 respuat.
854 379 1062 430 Quamvis
1096 378 1195 420 talia
1237 379 1406 419 vincula
1451 377 1580 418 multa

101 456 186 497 sint
223 456 382 514 quibus
417 465 567 497 auctor
598 464 744 496 nostor
774 471 848 495 sua
879 454 1079 511 ligaverit
1110 456 1320 505 membra,
1355 464 1583 510 motusque

99 548 199 573 suos
228 532 495 590 impedierit,
528 532 609 574 suit
635 541 778 573 tamen
803 532 860 572 ita
883 531 1069 587 peritus,
1096 539 1138 571 ut
1170 532 1249 571 hoc
1280 547 1432 588 poema
1463 547 1585 587 spar-

100 608 206 649 serit
228 609 423 666 strophis
451 609 617 667 aliquot
637 624 737 649 vere
765 607 940 648 canoris
969 625 975 647 :

358 725 382 752 Α
403 728 510 754 tauro
528 721 670 754 torrida
686 720 858 764 lampada¹
881 719 1032 764 Cynthii

361 778 548 811 Fundeute
566 776 689 820 jacula
712 777 889 809 ferventis
913 776 1021 813 radii,

358 833 567 866 Umbrosas
590 833 753 865 nemoris
781 831 947 865 latebras
970 832 1057 868 adii,

359 888 569 934 Explorans
591 889 750 932 gratiam
777 888 873 921 leuis
897 889 1051 922 Favonii
1068 890 1090 926 ¹,

101 990 208 1048 quin
228 991 356 1031 etiam
380 990 539 1046 lepidis
557 990 741 1047 picturis
757 991 785 1040 Ξ,
810 998 851 1031 ct
866 989 1017 1046 paucis
1038 989 1272 1030 verborum
1297 988 1587 1029 allusionibus

103 1066 216 1108 haud
240 1066 370 1126 longe
391 1067 542 1123 petitis
557 1068 585 1106 ³.

161 1144 232 1187 W.
258 1144 461 1201 Mappius
485 1160 605 1201 ergo,
631 1152 721 1184 tum
745 1144 787 1184 in
811 1142 952 1184 soluta
974 1142 1190 1193 oratione,
1216 1151 1305 1183 tum
1330 1143 1371 1183 in
1395 1142 1593 1183 versibus

104 1221 297 1278 perbene
353 1220 486 1261 latine
538 1220 726 1262 dicebat.
784 1219 1007 1261 Interdum
1061 1220 1190 1260 etiam
1253 1220 1424 1260 eximiis
1473 1228 1590 1260 extra

104 1297 298 1357 regulam
331 1297 482 1338 formis
513 1297 648 1338 utitur
684 1313 866 1354 quarum
895 1297 1081 1337 tinnitus
1116 1296 1232 1337 docti
1263 1296 1425 1352 judicis
1466 1304 1591 1335 sonat

106 1375 305 1425 auribus,
324 1375 438 1415 sicut
454 1375 609 1415 aerarii
627 1374 774 1415 callidi
791 1374 968 1415 auribus
984 1374 1119 1414 tinnit
1133 1373 1352 1431 genuinus
1375 1389 1591 1413 numnius.

166 1453 308 1504 Quum
344 1450 512 1492 inducit
538 1451 798 1510 Vergilium,
833 1469 854 1490 «
885 1451 1146 1492 formantem
1179 1466 1326 1492 aereas
1357 1465 1527 1491 muscas
1556 1470 1591 1494 n,

107 1528 312 1570 Ovidium
350 1546 369 1566 «
419 1537 670 1585 pascentem
718 1528 875 1569 sabulis
916 1529 1095 1569 turbas‘
1139 1546 1174 1578 »,
1217 1544 1364 1585 quum,
1410 1527 1594 1584 loquens

107 1605 160 1647 de
200 1605 474 1663 Pythagora,⁴
508 1605 616 1646 dicit
659 1622 665 1644 :
705 1624 725 1644 «
762 1605 987 1646 concussis
1029 1613 1195 1645 aestuat
1238 1606 1280 1644 in
1330 1604 1458 1645 labiis
1499 1605 1593 1659 ejus

107 1682 276 1742 logica⁵
305 1700 345 1730 »‚
377 1684 470 1739 ejus
499 1681 674 1723 dicendi
702 1682 858 1737 modus
881 1682 1118 1738 dupliciter
1141 1680 1506 1722 commendabilis
1530 1689 1595 1720 cst

109 1768 152 1800 et
196 1759 440 1800 sententiae
492 1759 690 1809 veritate,
740 1767 781 1799 ct
827 1758 1088 1800 elocutionis
1136 1759 1341 1815 puritate.
1391 1759 1446 1798 At
1492 1757 1597 1797 hacc

110 1836 275 1877 rariora
306 1844 407 1876 sunt
439 1835 653 1892 exempla,
692 1837 738 1876 In
772 1836 843 1879 W.
875 1836 1043 1893 Mappii
1082 1836 1170 1876 sive
1203 1835 1342 1875 soluta
1376 1835 1593 1876 oratione.

111 1913 199 1954 sive
244 1913 458 1961 versibus,
500 1921 713 1970 apparent
761 1912 884 1973 signa
919 1913 1181 1969 praenuntia
1223 1912 1397 1969 linguae
1441 1911 1600 1952 latinac

112 1990 400 2040 senescentis,
443 1998 484 2030 et
521 1991 698 2046 jamjam
740 1989 862 2030 brevi
906 1998 948 2030 et
992 1989 1338 2030 irrevocabiliter
1382 1988 1598 2044 lapsurae.

110 2067 182 2111 W.
215 2067 416 2124 Mappius
451 2066 566 2107 enim
598 2082 685 2107 non
714 2075 884 2108 tantum
915 2066 1090 2124 regulas
1115 2066 1427 2124 grammaticae
1457 2064 1603 2121 impli-

114 2143 356 2185 catissimas
394 2159 480 2184 non
525 2152 682 2189 servat,
725 2143 913 2200 exempli
957 2144 1113 2203 gratia,
1155 2130 1364 2184 orationis
1399 2141 1602 2198 obliquae

115 2220 234 2278 leges
248 2221 278 2272 ⁶,
311 2236 460 2262 verum
490 2221 617 2261 etiam
656 2220 829 2278 regulas
860 2220 1043 2261 maxime
1082 2219 1321 2278 simpliceS,
1355 2218 1421 2260 vel
1456 2219 1602 2276 pueris

117 2313 204 2338 non
231 2297 421 2355 ignotas,
445 2298 594 2347 violat,
631 2300 755 2355 cujus
787 2298 964 2357 generis
997 2306 1098 2338 sunt
1130 2297 1251 2355 leges
1285 2306 1533 2354 temporum
1565 2304 1603 2335 et

117 2373 312 2415 locorum
328 2375 357 2416 ⁷.
384 2374 557 2416 Illarum
585 2390 664 2416 nec
694 2374 824 2415 callet
849 2374 1152 2425 subtilitatem,
1186 2390 1265 2415 nec
1289 2382 1533 2430 temporum
1559 2388 1604 2412 ac

160 2469 188 2499 1.
207 2468 246 2498 V.
266 2469 330 2498 1-4.
356 2468 471 2498 videri
495 2473 642 2509 possunt
665 2469 813 2506 417425,
832 2469 979 2506 *mo-144,
998 2473 1061 2499 ete.

159 2516 189 2545 2.
212 2515 406 2556 Descriptio
428 2515 675 2546 monachorum
692 2515 765 2556 jam
789 2516 908 2551 citata,
931 2517 1077 2546 398-408.

161 2564 191 2593 3.
213 2563 252 2594 V.
274 2563 423 2600 202-205‚
441 2562 514 2603 jam
536 2563 645 2594 citati.

160 2611 199 2640 [ι.-
211 2610 248 2640 V.
272 2611 375 2640 45-48.

164 2659 193 2688 5.
218 2657 256 2687 V.
282 2657 331 2688 16.

163 2705 194 2735 6.
226 2703 402 2735 Orationis
437 2703 598 2744 obliquae
632 2705 789 2746 exempla
821 2716 826 2734 :
853 2704 1090 2746 Apocalypsis,
1117 2715 1148 2736 v.
1184 2704 1331 2734 177-179.
1358 2702 1550 2732 Indicativa
1586 2706 1616 2731 et

125 2750 346 2791 subjunctive.
367 2752 509 2782 confuse
527 2751 698 2792 permixta
717 2752 750 2782 in
773 2751 915 2793 obliqua
940 2752 1095 2782 oratione
1112 2762 1118 2781 τ
1138 2750 1303 2792 Dialogus
1328 2750 1415 2780 inter
1441 2760 1562 2789 aquam
1587 2751 1617 2777 et

125 2797 241 2838 νίιιιιη,
264 2809 296 2830 v.
319 2799 390 2835 145,
413 2803 477 2829 etc.

167 2846 196 2876 7.
216 2846 451 2888 Apocalypsis,
474 2857 509 2887 p.
535 2847 564 2876 1.
