1873 3329
682 912 911 954 CAPt'T
949 913 1015 954 IV

473 1115 563 1168 De
624 1116 715 1169 W
774 1116 1014 1185 Avlappio
1059 1123 1230 1185 poeta

102 1257 167 1299 gl.
185 1255 239 1288 De
256 1255 467 1289 rationibus
487 1255 625 1302 quibus
648 1256 799 1301 quidam
817 1256 983 1301 probare
1007 1264 1148 1290 tentant
1169 1257 1319 1290 omnino
1344 1269 1413 1291 non
1444 1256 1598 1290 authen-

151 1312 221 1345 tica
262 1324 347 1344 esse
375 1323 492 1357 opera
529 1325 623 1357 quac
661 1313 814 1357 Mappio
844 1312 1128 1347 adscribuntur.
1160 1313 1199 1345 In
1228 1325 1342 1358 opere
1371 1315 1424 1346 De
1465 1313 1596 1357 Xugss,

152 1367 215 1401 W.
256 1368 432 1413 Mappius
463 1370 666 1413 profitetur
696 1381 736 1401 se
770 1369 976 1414 scripsisse
1012 1369 1176 1402 carmina
1209 1369 1337 1403 latina.
1371 1369 1424 1402 De
1460 1369 1600 1414 triplici

151 1436 289 1469 genere
310 1437 379 1469 per
400 1425 563 1458 medium
587 1437 717 1458 aevum
740 1437 810 1457 usu
831 1424 973 1462 habito,
1000 1426 1100 1471 quod
1127 1437 1244 1470 genus
1266 1425 1404 1470 triplex
1429 1426 1464 1458 in
1492 1425 1599 1459 volu-

153 1481 249 1513 mine
271 1493 289 1513 a
312 1481 356 1514 D.
376 1480 535 1525 Wright
559 1481 659 1515 edito
682 1482 885 1526 reperitur.
911 1482 1088 1515 Poemata
1114 1482 1184 1514 alia
1214 1483 1291 1514 fere
1320 1482 1461 1520 dcet-111,
1486 1494 1599 1527 pecu-

153 1536 261 1569 liaris
283 1536 439 1573 formae,
454 1537 519 1570 W.
538 1537 690 1582 >lappi0
711 1537 855 1571 auctori
879 1537 1035 1571 attribui
1057 1544 1229 1583 possunt.
1252 1538 1430 1571 Rationes
1450 1537 1596 1571 allatae.

103 1596 121 1637 ξ
144 1593 175 1625 2.
200 1593 344 1626 Horum
365 1600 580 1638 poematum
597 1594 802 1627 auctoritas
819 1594 1014 1627 historica.
1036 1594 1266 1628 Documenta
1288 1607 1382 1628 nova
1398 1595 1443 1627 de
1457 1594 1598 1639 duplici

151 1661 219 1694 per
249 1650 440 1682 saeculum
462 1656 552 1682 x11¹¹¹¹¹
582 1650 760 1683 scientiae
788 1650 1063 1696 religionisque
1090 1659 1206 1685 motu.
1234 1651 1469 1683 L'niversitas
1497 1651 1600 1683 Pari-

152 1705 303 1741 siensis,
332 1706 415 1750 ejus
440 1707 626 1751 magistri,
659 1707 949 1753 studiorumque
974 1719 1131 1745 cursus;
1158 1708 1194 1740 in
1221 1720 1261 1739 ea
1291 1708 1386 1740 fides
1409 1707 1599 1751 ardorque

151 1762 289 1806 vigent.
315 1763 457 1795 Sensus
480 1763 700 1807 religiosuS.
719 1763 773 1796 De
789 1763 1035 1808 corruptione
1055 1764 1171 1797 totius
1191 1763 1295 1798 cleri.
1315 1763 1597 1797 monachorum.

152 1817 422 1862 praelatorum,
437 1819 634 1864 ipsiusque
650 1819 772 1864 Papae
782 1819 1009 1864 deploratio.
1026 1820 1148 1852 Verus
1165 1821 1260 1853 ordo
1277 1819 1507 1853 monasticus
1523 1819 1601 1852 lau-

151 1875 276 1909 datur.
295 1874 358 1910 XV.
377 1875 568 1920 Mappius,
583 1875 762 1908 hauriens
776 1876 970 1909 materiam
987 1884 1063 1910 tum
1079 1888 1121 1909 ex
1137 1876 1308 1920 anglicis,
1326 1883 1402 1908 tum
1417 1889 1434 1908 c
1453 1875 1601 1919 gallicis

152 1937 188 1963 et
213 1930 370 1963 wallicis
396 1930 545 1964 fabellis
574 1943 638 1964 seu
664 1932 814 1969 fabulis,
841 1939 1040 1978 utramque
1062 1940 1223 1977 gentem.
1248 1932 1420 1975 gallicam
1453 1933 1601 1965 saxoni-

151 1998 308 2032 camque
327 1999 399 2020 una
420 1999 511 2032 prae
525 2000 564 2020 se
587 1988 671 2022 fert.

105 2046 122 2086 Ξ
144 2044 177 2077 3.
202 2042 431 2076 Eorumdem
452 2050 666 2089 poematum
693 2045 856 2089 pretium
881 2044 1068 2090 poeticum
1098 2045 1318 2078 historicam
1342 2045 1601 2078 auctoritatem

151 2099 323 2144 ipsorum
357 2111 429 2133 non
461 2107 607 2146 aequat,
639 2101 711 2133 etsi
747 2100 929 2146 strophae
962 2102 1151 2146 quaedam
1184 2108 1343 2134 mentem
1377 2101 1511 2133 bonam
1541 2107 1601 2133 aut

152 2155 307 2188 facetam
330 2163 502 2201 arguant.
530 2157 635 2196 Quae
658 2156 902 2190 mediocritas
925 2157 1131 2202 dupliciter
1159 2157 1370 2201 explicatur
1394 2170 1399 2189 ;
1425 2157 1597 2190 locorum

154 2212 405 2245 communium
434 2213 604 2258 artisque
627 2212 840 2247 rhetoricae
870 2213 1032 2251 abusus;
1058 2219 1255 2258 praeterea
1280 2220 1410 2247 auctor
1437 2225 1506 2246 usu
1533 2212 1600 2245 lin-

154 2279 248 2311 guae
278 2267 415 2301 latinae
447 2275 662 2314 torquetur.
701 2270 806 2309 Quae
838 2270 944 2315 ipsae
982 2269 1148 2302 maculae
1183 2277 1359 2315 poemata
1389 2269 1602 2303 authentica

155 2335 240 2356 esse
263 2324 374 2357 fidem
389 2324 542 2358 faciunt.

168 2443 379 2495 Quaestio
419 2443 473 2484 de
507 2444 842 2486 authenticitate
878 2453 1132 2502 poematum
1173 2461 1283 2502 quae
1321 2446 1394 2487 W.
1437 2445 1604 2501 Mappii

108 2519 240 2577 vulgo
292 2519 509 2571 seruntur,
548 2520 676 2578 eique
730 2521 773 2562 in
818 2521 1048 2563 codicibus
1094 2522 1287 2578 antiquis
1332 2522 1605 2571 tribuuntur,

110 2596 285 2637 easdem
326 2596 444 2637 vices
483 2597 643 2639 habuit
686 2614 793 2655 quas
835 2598 1000 2639 nobilis
1048 2598 1119 2640 illa
1160 2599 1282 2655 prior
1319 2598 1517 2655 quaestio
1557 2597 1610 2638 de

111 2681 234 2731 parte
288 2689 416 2730 quam
456 2682 607 2715 auctor
654 2675 802 2731 operis
841 2675 906 2717 De
940 2676 1083 2733 [Vagis
1128 2676 1172 2716 in
1213 2684 1311 2716 ortu
1364 2674 1606 2715 fabularum

113 2749 166 2790 de
206 2751 357 2791 Mensa
399 2750 603 2791 Rotunda
657 2751 742 2792 sibi
792 2752 1018 2793 vindicare
1072 2760 1241 2809 posset.
1285 2751 1501 2792 Judicium
1555 2750 1606 2791 ab

115 2827 308 2884 antiquis
355 2826 586 2878 traditum,
632 2843 653 2868 a
701 2828 868 2869 criticis
915 2828 1018 2869 viris
1065 2828 1226 2870 saeculi
1271 2827 1367 2877 xvll,
1415 2828 1516 2869 item
1558 2842 1604 2867 ac
