1842 3288
228 310 266 338 32
719 311 770 335 DE
803 309 1027 335 WALTEnlo
1061 309 1217 335 ΜΑΡΡῙΟ

233 397 544 441 NV‹›rmeleium
569 395 803 436 incolebat.
830 395 994 436 Auctor
1013 403 1156 435 autem
1178 393 1279 434 libri
1303 394 1354 434 (le
1374 394 1531 451 Nugis,
1553 396 1713 452 Eques,

231 476 266 515 si
308 474 368 514 sas
409 481 474 514 est
517 472 696 513 credere
736 471 992 512 Rusticiano
1028 472 1236 522 Pisan‹›¹,
1268 486 1319 511 ex
1353 487 1399 511 ea
1435 472 1572 528 stirpe
1602 488 1718 513 mere

230 550 444 594 wallensi
485 557 607 589 ortus
652 557 731 589 est.
770 549 924 590 Nonne
963 547 1216 605 praebenda
1250 547 1561 588 Ileresordeusi
1603 549 1720 590 srue-

232 627 731 682 l›at111·”³‘;’N0n1ie,juxta
754 625 947 666 chartam
972 624 1243 665 Glocestriae
1268 624 1526 673 consectam,
1544 625 1720 666 circiter

232 719 392 744 annum
440 701 567 753 1186,
602 718 739 758 prope
783 701 1096 761 Ullingvicuni,
1132 702 1175 742 in
1220 701 1360 742 media
1406 701 1722 743 Ilerefordensi

234 781 426 836 regione,
459 795 587 819 affros
616 778 870 835 possidebat
885 780 897 799 ³
907 779 924 818 P

486 814 510 838 ο

294 859 354 897 De
381 855 597 899 XVallensi
626 871 700 896 sua
731 856 902 912 origine
932 871 1018 895 non
1043 856 1163 896 siluit
1192 855 1368 913 quidem
1396 855 1618 912 Mappius,
1644 855 1720 896 sed

233 949 325 973 vam
373 934 457 974 sibi
497 933 647 973 decori
683 932 861 972 minime
896 932 1101 980 (lucebat,
1137 934 1301 989 quippe
1337 948 1436 973 suos
1468 933 1582 973 cives
1620 948 1720 973 vere

235 1011 444 1051 barbaros
477 1024 570 1049 esse
599 1008 769 1065 judicat
804 1025 810 1049 :
852 1027 870 1047 «
897 1010 943 1049 In
980 1009 1131 1065 rapina
1163 1018 1203 1050 et
1232 1009 1364 1059 surto,
1391 1010 1550 1066 inquit,
1583 1009 1722 1067 gloria

233 1086 523 1134 walensium,
561 1094 603 1126 et
642 1085 750 1126 adeo
786 1086 848 1126 eis
882 1095 1115 1142 utrumque
1148 1086 1292 1142 placet
1330 1095 1374 1127 ut
1405 1086 1722 1143 improperium

234 1165 289 1204 sit
318 1163 423 1214 filio,
459 1163 494 1203 si
523 1171 648 1219 pater
678 1162 770 1203 sine
800 1163 979 1203 vulnere
1009 1162 1265 1213 decesserit,
1298 1162 1411 1203 unde
1441 1162 1489 1203 fit
1519 1171 1565 1203 ut
1596 1162 1723 1219 pauci

234 1249 465 1281 senescant
488 1241 500 1260 4⁴
536 1258 572 1279 ».
605 1239 707 1280 Illos
747 1256 767 1277 «
811 1239 1003 1280 discolos
1041 1258 1060 1278 ›)
1103 1248 1145 1280 et
1183 1258 1203 1278 ι(
1238 1240 1462 1280 silvestres
1484 1241 1497 1260 ⁵
1523 1258 1543 1278 »
1583 1248 1720 1280 vocat.

233 1319 326 1358 Non
357 1317 479 1358 illum
510 1317 621 1375 sugit
648 1334 668 1355 «
695 1316 955 1357 saxonicam
991 1316 1281 1357 rusticitatem
1307 1333 1328 1355 >›
1354 1317 1396 1356 in
1424 1324 1515 1357 tota
1548 1318 1724 1373 Europa

213 1397 320 1450 -jam
352 1410 446 1434 esse
479 1393 705 1441 famosam,
739 1402 780 1433 et
808 1394 963 1434 metuit
991 1409 1044 1433 ne
1074 1409 1149 1433 sua
1176 1394 1260 1433 sibi
1289 1393 1413 1450 origo
1448 1392 1554 1433 vitio
1587 1401 1725 1434 verta-

235 1480 306 1512 tur
322 1472 349 1511 ⁸.
391 1472 539 1527 Itaque
574 1470 890 1510 humanitatem
924 1470 1039 1527 apud
1077 1470 1227 1511 Gallos
1267 1469 1498 1511 florentem
1535 1469 1726 1511 admira-

235 1549 356 1589 tione
376 1547 674 1603 prosequitur,
701 1555 759 1597 et,
786 1555 832 1587 ut
854 1547 1001 1587 videre
1025 1547 1123 1597 erit,
1152 1562 1294 1588 mores
1315 1546 1492 1588 illorum
1514 1547 1722 1597 urbanos,

237 1625 454 1666 sermonis
484 1625 747 1682 elegantiam
778 1624 925 1665 studet
952 1625 1131 1665 imitari.

296 1702 499 1742 Interfuit
528 1702 661 1759 igitur
682 1701 887 1758 Mappius
916 1702 1061 1742 coetui
1089 1701 1329 1742 celebrium
1358 1702 1404 1742 in
1430 1701 1589 1759 Anglia
1617 1701 1729 1743 duo-

237 1779 407 1819 decimo
445 1779 618 1819 saeculo
654 1779 938 1835 scriptorum,
971 1779 1062 1835 qui,
1104 1787 1146 1819 ut
1181 1777 1476 1819 Geodefridus
1510 1778 1563 1819 de
1601 1779 1728 1820 Mon-

237 1856 403 1905 mouth,
430 1855 638 1897 Giraldus
667 1855 720 1896 de
750 1856 891 1906 Barri,
924 1855 1187 1897 Guillelmus
1211 1855 1264 1896 (le
1294 1855 1668 1913 Malmesburg07,
1706 1872 1727 1896 a

239 1932 374 1974 Celtis
397 1941 469 1973 aut
495 1933 742 1975 Saxonibus
770 1932 989 1991 originem
1021 1932 1256 1973 ducebant.
1284 1934 1347 1973 Ex
1368 1933 1437 1973 his
1464 1933 1568 1973 viris
1593 1933 1730 1973 trahit

239 2025 359 2050 suam
395 2008 765 2067 significationem
808 2017 924 2049 aetas
966 2009 1055 2058 illa,
1088 2009 1157 2049 eui
1186 2017 1374 2050 nonest
1408 2009 1453 2049 in
1484 2009 1728 2069 Anglorum

237 2085 421 2127 historia
443 2102 520 2142 par
543 2086 695 2135 altera,
722 2102 803 2143 qua
826 2086 929 2127 vieti
959 2101 980 2125 e
1012 2102 1166 2126 somno
1195 2085 1456 2136 excitantur,
1486 2086 1729 2127 victoribus

239 2162 513 2204 aemulantur
558 2163 601 2203 in
648 2163 824 2213 litteris,
865 2178 1016 2203 eorum
1060 2163 1325 2203 commercio
1370 2162 1644 2222 mitigantur,
1688 2172 1730 2204 et

239 2240 400 2280 sensim
424 2256 444 2280 e
467 2239 636 2280 duabus
658 2240 865 2297 gentibus
894 2255 1023 2280 unam
1055 2239 1265 2281 efficiunt.
1300 2239 1428 2292 Quod
1462 2239 1578 2281 Galli
1607 2241 1729 2298 cogi-

237 2325 346 2365 tant,
372 2317 491 2373 quod
518 2316 651 2376 Angli
674 2317 871 2357 sentiunt
896 2334 902 2356 :
929 2316 1022 2357 dies
1045 2316 1192 2357 veniet
1221 2332 1305 2373 qua
1333 2316 1443 2357 nihil
1472 2317 1558 2358 nisi
1588 2317 1729 2376 angli-

279 2441 307 2470 1.
329 2439 413 2471 llisc.
439 2439 557 2477 litter„
584 2441 649 2476 XV,
669 2451 703 2481 p.
723 2441 794 2472 496.
818 2458 857 2462 —
878 2440 1035 2476 Delarue,
1060 2440 1103 2478 ΙΙ,
1121 2450 1157 2480 p.
1177 2440 1247 2470 237.

279 2489 308 2519 2.
337 2487 411 2518 Vita
435 2488 554 2518 Sancti
571 2488 730 2528 Ilugonis,
749 2488 836 2518 Roll.
861 2488 979 2523 series,
1001 2498 1035 2527 p.
1058 2488 1128 2517 281.

278 2536 307 2564 3.
345 2534 574 2565 Car-talariam
618 2528 762 2565 Monesi.
812 2534 929 2564 Sancti
967 2534 1058 2564 Petri
1095 2534 1367 2573 Glocestriensis,
1402 2535 1479 2566 Roll
1518 2535 1631 2566 Series
1671 2535 1728 2576 11³¹,

237 2593 271 2622 p.
292 2582 364 2621 136)
382 2582 590 2612 mentionem
615 2582 697 2612 facit
720 2582 797 2622 agri
819 2582 876 2622 qui
901 2586 997 2622 patet
1027 2597 1038 2607 «ι
1066 2592 1174 2622 usque
1202 2582 1245 2611 ad
1274 2593 1440 2622 quercum
1466 2582 1611 2614 Galterii
1635 2583 1727 2623 Map,

237 2629 438 2660 cancellarii
460 2629 709 2659 Lincolniensis
733 2644 758 2660 υ.

280 2679 309 2707 4.
328 2679 373 2707 De
395 2676 512 2718 Nugis,
534 2689 568 2717 p.
590 2677 659 2713 100,
683 2677 743 2708 lin.
766 2677 816 2713 15,
837 2677 885 2707 18.

280 2727 310 2754 5.
331 2723 430 2761 Ιὸῐι].,
456 2735 491 2765 p.
510 2726 561 2763 75,
582 2724 641 2754 lin.
662 2725 711 2754 20.

279 2774 309 2802 (ς’).
337 2787 348 2797 ·‹
370 2772 537 2802 Volumus
564 2782 626 2801 vos
652 2771 856 2802 Saxonicam
882 2771 1115 2801 rusticitatem
1140 2770 1340 2808 abhorrere,
1363 2772 1423 2802 sed
1443 2776 1600 2803 nostram
1622 2772 1730 2803 subti-

238 2818 372 2849 litatem
390 2819 433 2848 ad
454 2819 487 2848 id
510 2818 617 2849 studii
641 2819 756 2859 magis
774 2829 965 2859 provocare
986 2831 1000 2846 n
1021 2818 1144 2859 (Epist.
1165 2818 1281 2850 Otton.
1300 2820 1342 2849 ad
1363 2819 1580 2857 Gerbertum,
1604 2820 1678 2857 ΙΙΙ).

281 2868 309 2897 7.
335 2867 475 2906 Morley,
497 2877 551 2907 op.
571 2866 642 2903 cit.,
668 2867 727 2906 ΙΙΙ,
750 2877 786 2907 p.
812 2867 884 2896 122.
