1842 3288
262 320 300 348 68
754 320 805 345 DE
838 319 1060 345 WALTEnlo
1095 319 1251 345 ΜΑΡΡιο

1834 373 1838 405 Ι

322 410 441 462 Quae
468 415 609 447 autem
636 405 797 445 suerint
827 405 958 461 hujus
988 405 1158 446 itineris
1190 404 1301 446 1173
1329 405 1468 446 habiti
1491 405 1571 446 alia
1602 413 1758 473 evenqt
1836 409 1842 426 “

774 483 817 531 ¹3
871 490 986 522 tacet
1042 482 1154 523 enim
1201 481 1463 525 VValterius.
1517 477 1795 539 Postquami&

264 486 439 543 penitus
488 485 741 540 ignoramus

265 571 406 602 autem
430 561 473 601 in
498 558 732 599 amicitiam
757 557 966 599 Ludovici
987 559 1064 599 VII
1089 558 1236 609 rediit,
1263 558 1581 600 interveniente
1604 561 1751 608 Petro,

265 637 600 693 archiepiscopo
629 635 957 685 'sarentesiaco‚
983 635 1036 675 ad
1065 635 1108 675 id
1137 634 1270 676 officii
1294 634 1566 692 implendum
1595 652 1616 677 a
1642 651 1753 692 papa

720 713 733 732 ²
774 711 924 763 misso,
974 712 1189 753 Hem-icus
1232 711 1451 755 secundus
1494 712 1750 754 Arverniam

262 713 510 755 Alexandro
551 712 681 753 tertio

261 792 404 849 petiit,
437 791 512 831 ubi
551 788 866 831 celebrandum
895 798 987 830 erat
1021 789 1098 830 filii
1128 791 1193 830 sui
1222 790 1401 831 Joannis
1429 805 1526 830 cum
1560 789 1649 831 filia
1676 806 1751 832 co-

261 869 379 909 mitis
402 867 759 908 Mauriennensis
783 867 1126 907 matrimonium.
1155 868 1342 908 Sanctus
1366 868 1521 908 Petrus
1543 866 1750 908 benedic-

259 947 422 986 tionem
461 944 697 1000 juvenibus
732 943 990 999 impertivit,
1035 952 1077 984 ct
1117 944 1247 984 etiam
1282 943 1486 984 undecim
1524 941 1615 984 sere
1655 943 1749 985 dies

258 1039 355 1063 cum
391 1021 581 1062 Henrico
615 1019 835 1061 Lemovici
863 1029 1156 1061 commoratus
1186 1030 1251 1062 est
1276 1022 1304 1067 ³,
1337 1020 1568 1061 commissa
1596 1036 1617 1061 a
1647 1036 1750 1079 rege

260 1099 439 1156 Mappio
476 1113 578 1138 cura
625 1096 813 1138 celebris
854 1097 1178 1154 archiepiscopi
1218 1097 1556 1139 necessitatibus
1602 1097 1751 1154 provi-

260 1176 407 1217 dendi.
454 1176 606 1232 Itaque
641 1174 863 1231 Mappius,
898 1190 995 1215 cum
1041 1175 1171 1215 Petro
1205 1174 1401 1231 quotidie
1448 1182 1747 1224 conversatus,

260 1253 388 1293 unius
418 1268 438 1292 e
468 1251 667 1291 maximis
690 1251 821 1307 hujus
846 1252 999 1291 aetatis
1020 1251 1142 1301 viris,
1174 1267 1224 1292 ex
1246 1252 1314 1292 his
1337 1252 1412 1308 qui
1439 1250 1748 1292 duodecimum

261 1329 483 1370 saeculum
507 1327 613 1385 quid
636 1327 689 1368 de
711 1327 926 1386 religione
957 1328 1142 1368 sentiret
1169 1328 1413 1369 certissime
1439 1343 1518 1369 nos
1542 1327 1744 1376 edocent,

257 1406 494 1464 imaginem
520 1404 573 1445 ad
594 1420 742 1445 verum
767 1404 998 1445 adductam
1022 1405 1165 1461 potuit
1192 1404 1419 1463 effingere.

319 1482 516 1535 Quadam
543 1481 630 1530 die,
657 1481 737 1522 sub
759 1497 1007 1538 vesperum,
1035 1497 1132 1522 cum
1155 1482 1358 1538 Mappius
1385 1489 1520 1522 staret
1535 1481 1579 1522 in
1596 1481 1748 1522 limine

256 1560 427 1608 domus,
480 1559 555 1600 ubi
601 1567 776 1599 sanetus
823 1559 998 1608 Petrus,
1048 1558 1266 1599 Lcmovici
1312 1557 1496 1616 degens,
1553 1558 1747 1615 hospitio

257 1645 463 1694 exceptus
484 1635 641 1685 suerat,
666 1636 841 1676 turbam
864 1635 1092 1676 hominum
1115 1634 1323 1676 accedere
1344 1634 1469 1676 vidit.
1492 1634 1620 1676 Multi
1648 1635 1747 1676 civi-

259 1715 361 1755 tatis
401 1712 587 1762 incolae,
631 1711 740 1752 duce
772 1713 938 1752 Joanne
972 1711 1159 1762 Albano,
1194 1712 1338 1769 Anglo
1367 1711 1544 1752 natione
1580 1720 1623 1752 et
1656 1711 1748 1752 elo-

256 1789 434 1846 quentia
448 1788 629 1836 samOSO‚
645 1796 750 1828 tunc
766 1787 976 1844 episcopo
994 1787 1277 1838 pictaviensi,
1296 1796 1448 1845 postea
1460 1786 1748 1847 Lugdunensi

257 1866 615 1922 archiepiscopo,
664 1873 864 1904 vexatum
916 1864 1149 1921 quemdam
1196 1880 1218 1905 a
1270 1864 1482 1905 daemone
1527 1864 1745 1904 trahebat.

256 1944 365 1984 Tum
389 1944 577 1983 Joannes
599 1940 816 1985 XValterio
843 1958 850 1981 ς
878 1959 898 1980 ((
924 1941 1160 1982 Carissime
1184 1941 1259 1992 mi,
1284 1941 1443 1998 inquit,
1469 1956 1597 1982 evoca
1620 1941 1749 1981 nobis

261 2020 662 2076 archiepiscopum,
707 2027 752 2059 ut
795 2018 912 2075 quod
958 2034 1110 2059 omnes
1157 2007 1429 2074 praedicant,
1472 2018 1567 2059 sine
1612 2017 1747 2059 dubio

256 2096 483 2138 testificari
531 2096 767 2153 possimus,
816 2112 837 2135 »
887 2095 1057 2136 Deinde
1107 2095 1342 2136 subridens
1386 2112 1394 2135 :
1445 2112 1467 2134 «
1513 2096 1744 2151 Nunquam

254 2191 402 2215 verum
434 2173 614 2230 aliquod
646 2172 736 2213 vidi
758 2173 1015 2213 miraculum
1045 2190 1084 2212 >).
1113 2173 1269 2214 Statim
1297 2172 1538 2216 XValterius
1566 2173 1743 2212 Petrum

254 2250 566 2292 Venerabilem
590 2249 830 2299 advocavit,
858 2249 932 2306 qui
955 2265 1177 2307 egressus,
1205 2249 1388 2306 «posito
1409 2265 1542 2307 genu,
1570 2264 1744 2289 manum

258 2327 467 2383 imposuit
514 2327 689 2367 infirmo
724 2326 947 2383 spumanti
985 2335 1028 2367 et
1058 2326 1237 2366 omnino
1270 2341 1429 2366 vesano
1466 2342 1505 2366 )).
1554 2325 1745 2382 Propius

255 2404 468 2444 accedunt
494 2403 735 2446 XValterius
767 2412 810 2444 et
842 2404 1032 2443 Joannes
1068 2403 1319 2460 episeopus,
1354 2418 1479 2443 aures
1508 2402 1746 2460 diligenter

255 2480 504 2527 admovent,
537 2480 807 2537 audiuntque
832 2481 1010 2521 Petrum
1035 2480 1264 2537 Evangelii
1293 2479 1435 2520 locum
1465 2480 1744 2527 recitantem,

258 2557 380 2597 brevi
411 2557 609 2597 oratione
644 2555 807 2597 addita.
841 2557 976 2597 Jussit
1010 2556 1172 2597 deinde
1207 2572 1360 2597 manus
1395 2556 1559 2596 dimitti
1587 2556 1749 2597 misero

256 2634 434 2683 liberas,
467 2634 543 2690 qui
569 2651 590 2672 ‹(
622 2633 769 2674 statim
798 2649 929 2674 manu
957 2633 1135 2674 dextera
1161 2649 1209 2674 os
1237 2649 1362 2674 suum
1390 2633 1534 2682 tersit,
1559 2633 1709 2674 dicens
1735 2648 1745 2673 :

296 2781 325 2810 1.
346 2783 392 2810 De
413 2780 530 2821 Nugis,
554 2790 588 2820 p.
611 2780 682 2809 231.

295 2829 324 2857 2.
349 2827 463 2857 Gallia
487 2827 696 2865 Christiana,
716 2827 786 2857 vol.
810 2827 883 2865 XII,
905 2828 970 2858 col.
993 2829 1063 2858 706.
1083 2845 1121 2850 -—
1143 2828 1315 2865 Hoveden,
1335 2828 1469 2867 Annal.,
1491 2838 1526 2868 p.
1548 2828 1618 2858 532.

295 2875 324 2904 3.
342 2877 387 2905 De
409 2874 528 2915 Nugt's,
549 2885 584 2914 p.
605 2875 656 2913 69,
674 2874 801 2911 lin.16‚
823 2874 871 2904 17.
