1842 3288
233 265 270 296 16
726 269 775 293 DE
808 268 1032 294 WALTERIO
1067 268 1223 294 MAPPlo

232 355 438 396 Lutetia¹.
472 373 488 390 »
520 355 626 395 Cum
651 354 757 393 haec
787 352 1126 393 Bartholomeus
1156 353 1399 402 scriberet‚‘
1416 369 1511 394 sese
1546 362 1715 394 tantum

235 441 517 496 interpretem
560 438 795 479 exhibebat
834 438 991 478 civium
1033 454 1209 479 suorum
1240 439 1312 495 qui
1356 439 1507 480 urbem
1550 440 1592 479 in
1635 454 1718 496 qua

234 516 492 557 studuerant
534 515 702 573 ingenti
743 514 1035 556 admiratione
1082 516 1495 572 prosequebantur3
1532 515 1576 556 hi
1617 523 1720 556 sunt

235 594 422 633 Joannes
446 591 802 639 Saresburensis,
833 591 978 647 Ralph
1001 592 1054 632 de
1077 592 1244 641 Piceto,
1264 592 1486 632 Robertus
1509 591 1562 632 de
1584 593 1718 633 Melo-

235 669 367 718 duno,
412 668 550 709 Adam
587 668 639 708 cle
678 669 971 725 Ponteparvo‚
1014 668 1255 711 NValterius
1299 668 1526 725 Mappius3
1575 673 1720 726 quoad

235 745 406 785 vincula
448 761 499 785 ex
550 745 768 801 religione
816 744 1120 801 procedentia,
1173 761 1259 786 non
1317 761 1396 786 nos
1447 745 1560 803 sugit
1613 745 1721 786 cleri

236 821 411 879 Anglici
458 821 707 878 principes,
766 822 1030 862 monasticas
1084 822 1293 871 familias,
1343 822 1720 878 presbyterosque

226 898 418 939 -Romam
436 899 609 955 saepius
623 899 958 954 peregrinantes
971 898 1209 955 plurimum
1225 899 1455 940 Franciam
1466 898 1721 940 omnimodo

237 974 567 1015 commendasse
590 976 617 1016 ².
663 975 802 1027 Quam
844 974 1179 1016 admirationem
1219 984 1434 1017 auxerunt
1473 992 1576 1016 sane
1622 975 1720 1016 lites

238 1052 350 1091 inter
370 1051 589 1108 praelatos
619 1059 661 1091 et
690 1067 817 1109 reges
841 1051 1201 1109 Andegavenses,
1234 1053 1308 1109 qui
1331 1068 1480 1109 regem
1510 1052 1722 1094 Franciae

226 1137 450 1169 -noverant
471 1128 643 1168 fidelem
673 1128 779 1169 cleri
809 1137 1104 1185 protectorem
1134 1145 1230 1170 esse
1258 1138 1300 1170 et
1338 1130 1480 1186 Papae
1511 1129 1724 1170 obedien-

238 1204 454 1245 tissimum
479 1204 630 1245 filium.
653 1204 914 1248 'VVillelmus
943 1205 1090 1246 Foliot
1116 1214 1220 1246 tunc
1250 1198 1472 1247 scribebat
1507 1223 1514 1246 :
1549 1197 1724 1247 «²1nte1·

241 1282 399 1322 omnia.
430 1298 564 1339 regna
617 1282 784 1332 mundi,
830 1298 915 1323 non
965 1291 1031 1323 est
1084 1299 1134 1323 ex
1184 1274 1318 1323 animi
1361 1283 1445 1323 mei
1487 1274 1721 1329 sententia,

241 1357 424 1416 regnum
463 1358 580 1415 quod
622 1358 751 1400 fidem
789 1359 1093 1407 sinceriorem,
1133 1360 1371 1400 caritatem'
1393 1350 1722 1409 ferventiorem,

227 1434 518 1475 'devotionem
551 1435 803 1476 uberiorem
837 1432 1117 1493 'Apostolieae
1147 1436 1240 1477 sedi
1268 1428 1442 1493 semper
1475 1428 1726 1495 ekhibuerit

243 1527 373 1567 quam
396 1508 817 1554 Francormir-Non
856 1522 937 1564 est,
968 1514 1083 1554 inter
1124 1529 1249 1571 reges
1291 1522 1334 1554 et
1360 1513 1605 1569 principes,
1649 1514 1726 1569 qui

243 1588 477 1646 benignius
517 1589 719 1630 exaudiat
758 1605 911 1646 preces
951 1599 1134 1640 vestras,
1175 1590 1249 1648 qui
1292 1590 1509 1630 mandatis
1548 1589 1726 1630 obediat

244 1665 468 1715 humilius,
500 1665 575 1723 qui
603 1667 844 1708 Ecclesiam
873 1676 915 1708 et
941 1667 1058 1708 viros
1088 1667 1648 1708 ecclesiasticosdevotius
1684 1675 1727 1707 et

245 1743 484 1784 studiosius
523 1752 713 1793 tueatur,
745 1744 1140 1785 christianissimo
1173 1746 1295 1804 Rege
1328 1752 1490 1785 vestro.
1535 1744 1631 1785 Non
1661 1752 1729 1784 est

246 1820 429 1861 ecelesia
463 1836 573 1877 quae
601 1821 824 1862 Romanae
860 1821 1084 1862 Ecclesiae
1114 1822 1245 1862 suerit
1272 1821 1423 1862 utilior
1451 1821 1496 1862 in
1524 1821 1730 1861 omnibus

247 1897 462 1956 angustiis
493 1898 583 1938 suis
612 1914 741 1955 quam
775 1898 946 1939 Gallia³
974 1917 1011 1938 n.
1047 1899 1292 1939 Admiratio
1320 1899 1428 1939 haec
1463 1913 1565 1955 erga
1592 1898 1731 1938 Fran-

248 1974 356 2015 eiam
387 1992 408 2013 «
439 1975 634 2015 omnium
676 1970 953 2016 mitissimam
995 1984 1037 2016 et
1070 1976 1367 2016 civilissimam
1398 1974 1660 2016 Nationum⁴
1689 1991 1729 2021 »‚

251 2051 360 2091 Laec
389 2050 549 2091 Gallici
578 2051 720 2092 cultus
749 2052 1004 2100 auctoritas,
1044 2068 1090 2093 ea
1126 2051 1355 2093 notissima
1378 2044 1484 2092 *luce
1506 2051 1552 2091 in
1573 2049 1734 2109 Anglia

251 2127 422 2178 claruit,
460 2128 577 2185 quod
613 2128 841 2169 Gallorum
877 2129 1027 2188 lingua
1069 2130 1210 2170 tribus
1251 2132 1340 2170 lere
1382 2128 1568 2169 saeculis
1607 2143 1736 2168 usur-

252 2212 351 2259 pata
391 2213 457 2245 est
491 2205 543 2245 ad
577 2205 712 2263 leges,
753 2214 874 2246 actus
917 2206 1136 2263 publicos,
1163 2205 1448 2262 judiciorunr
1472 2205 1667 2246 actiones
1696 2212 1738 2244 et

252 2282 505 2332 certamina,
537 2298 707 2323 necnon
755 2292 797 2323 et
828 2283 1032 2339 politicas
1073 2284 1294 2324 orationes
1335 2282 1600 2339 foederaque
1636 2296 1738 2322 eon-

252 2358 482 2399 scribenda
496 2360 523 2398 ⁵.
1669 2354 1671 2357 .

311 2435 540 2479 Giraldum
582 2438 913 2486 Cambrensem,
958 2439 1034 2494 qui
1076 2438 1212 2479 latino
1254 2453 1355 2479 usus
1393 2445 1486 2478 erat
1515 2450 1737 2487 sermone,

292 2581 320 2610 1.
340 2583 386 2611 De
398 2582 668 2622 proprietalibus
686 2595 807 2614 rerum.
831 2585 935 2615 Trad.
955 2586 1106 2616 Joannes
1127 2584 1489 2624 Corbichon‚>saecu10
1510 2587 1594 2614 xn·⁰.

293 2629 322 2658 2.
342 2629 486 2667 stubbs,
506 2641 540 2670 p.
565 2631 635 2661 139.

294 2677 323 2705 3.
346 2676 572 2708 Gilb.fFoliot
592 2677 714 2718 Epist„
735 2680 803 2709 vol.
827 2679 858 2709 II
876 2680 978 2720 (Roll.
1003 2681 1136 2719 series),
1160 2681 1270 2721 Epist.
1293 2681 1365 2717 446,
1384 2690 1419 2720 p.
1442 2680 1514 2710 209.

292 2724 323 2752 4.
342 2723 461 2763 Epist..
484 2725 552 2754 vol.
574 2726 616 2762 ΙΙ,
642 2736 676 2765 p.
700 2727 751 2756 83.

297 2772 326 2800 5.
343 2770 441 2806 Quod
457 2772 642 2802 attinet-ad
663 2784 765 2803 usum
785 2774 925 2814 linguae
943 2780 1082 2808 nostrae
1102 2776 1137 2806 in
1152 2776 1315 2817 operibus
1329 2775 1436 2816 .›Angl.
1452 2775 1745 2811 Nor'mannorum‚

254 2816 332 2847 vide
353 2819 598 2857 praecedentes
620 2825 730 2850 notas.
