1873 3329
666 283 899 308 raon-:Minu
1489 286 1524 314 1¹5

39 367 241 425 Angliam
281 366 521 408 rebellibus
557 367 673 407 ausis
703 367 909 415 liberare,
941 368 1100 424 quibus
1126 370 1214 423 jam
1252 387 1271 410 a
1303 373 1526 428 Stephano

41 444 284 491 laborabat,
333 443 623 484 necessariam
670 443 761 484 sore
803 445 1124 494 auctoritatem,
1170 446 1373 488 ordinum
1418 449 1528 489 elas-

40 522 205 562 siumve
243 521 486 579 privilegiis
532 521 704 561 el'licere
746 521 1014 561 validiorem.
1059 521 1207 562 Voluit
1247 540 1350 579 erg-o
1394 527 1525 566 totius

39 598 436 639 administrationis
472 614 625 639 nervos
657 615 760 655 prae
796 599 912 655 regis
949 598 1148 638 manibus
1182 601 1350 655 reponi,
1389 603 1440 642 ita
1480 613 1523 644 ut

41 674 175 734 legati
204 674 505 716 tantummodo
535 675 703 715 nobiles
726 675 804 715 viri
835 675 1117 715 haberentur.

101 752 227 804 Quod
264 752 298 792 si
341 752 393 792 ad
422 751 699 807 judiciariam
737 751 1062 792 ordinationem
1099 753 1283 793 maxime
1322 757 1525 802 attendit,

42 829 124 885 ipsi
166 837 439 886 compertum
479 837 571 869 erat
618 845 714 869 eum
757 845 851 870 esse
900 829 1024 887 regni
1072 844 1273 871 securum
1317 841 1524 873 tutamen.

42 905 169 946 Fae-ta
212 905 523 946 constitutione
567 905 619 945 de
664 905 913 946 Clarendon
960 905 1207 962 (notissima
1255 907 1368 947 euim
1420 909 1526 950 saeta

42 982 331 1037 revocamus),
363 982 514 1023 statuit
538 984 637 1037 jura
673 982 836 1041 regalia
864 981 1173 1023 ecclesiasticis
1201 984 1374 1038 juribus
1408 994 1528 1025 aute-

44 1058 250 1115 ponenda
302 1059 506 1099 omnibus
553 1075 663 1099 esse.
713 1059 1009 1111 Quamobrem
1060 1058 1194 1099 solius
1247 1070 1338 1101 erat
1384 1063 1527 1101 curiae

43 1136 160 1193 regis
201 1143 407 1183 statuere,
453 1144 615 1185 utrum,
659 1135 888 1193 quodlibet
932 1136 1046 1176 inter
1094 1136 1275 1177 clericos
1315 1146 1356 1177 et
1395 1138 1528 1178 laicos

44 1213 160 1253 viros
193 1213 408 1272 jurgium,
451 1212 645 1253 tribunal
691 1213 911 1253 Ecclesiae
951 1221 1172 1270 spectaret
1211 1223 1283 1254 aut
1320 1214 1528 1255 laieorum

41 1289 266 1345 judicum3
292 1289 377 1330 imo
406 1306 506 1331 vero
530 1289 743 1330 interesse
767 1290 999 1346 oportebat
1026 1290 1196 1331 cunctis
1222 1291 1529 1332 ecclesiasticis

46 1367 188 1407 causis
223 1382 356 1407 unum
393 1366 583 1426 regalem
617 1366 904 1423 praesectum,
940 1367 997 1408 ita
1032 1376 1078 1407 ut
1105 1367 1293 1423 quilibet
1328 1369 1527 1415 clericus,

46 1458 212 1483 nocens
251 1443 480 1500 probatus,
517 1459 651 1499 penes
688 1444 1043 1500 praepositorum
1079 1444 1196 1503 regis
1228 1446 1529 1486 auctoritatem

46 1520 164 1561 illico
187 1519 450 1561 traderetur.

105 1599 150 1639 In
175 1597 447 1638 sessionibus
467 1597 789 1653 Northampton
814 1596 960 1654 (1176)
984 1597 1199 1638 Henrieus
1224 1599 1259 1638 ΙΙ
1283 1614 1392 1655 opus
1416 1616 1530 1640 com-

44 1674 179 1732 plevit
209 1690 334 1715 suum
362 1674 665 1715 reformandae
685 1674 899 1731 justitiae,
926 1674 1231 1715 auctoritatem
1256 1675 1371 1715 soedi
1396 1676 1530 1716 laces-

44 1750 196 1793 sendo.
254 1750 588 1809 Redintegravit
640 1751 855 1792 Henrieus
914 1751 1236 1792 institutionem
1288 1754 1528 1793 errantium

40 1828 236 1886 judicum
267 1828 397 1869 simul
426 1837 468 1869 et
490 1830 752 1884 juratorum.
786 1828 1053 1884 Istijudices
1079 1831 1350 1879 [citam-alnes,
1380 1839 1528 1886 utpote

46 1906 204 1948 Curiae
232 1905 349 1962 regis
380 1921 609 1962 personae,
649 1920 815 1946 summa
845 1905 1104 1946 auctoritate
1138 1905 1227 1946 sere
1262 1906 1487 1962 pollebant
1519 1924 1526 1946 :

43 1982 394 2023 vice-comitibus
430 1982 548 2039 (alias
584 1982 802 2037 sche'riss),
840 1982 1130 2040 invigilabant
1165 1998 1335 2023 necnon
1372 1983 1530 2039 sylves—

46 2058 189 2100 tribus
217 2059 585 2116 dominorumque
613 2058 846 2100 ministris.
883 2059 1022 2100 Jurati
1055 2059 1119 2100 illi
1156 2076 1176 2098 z<
1201 2059 1363 2117 legales
1393 2060 1534 2100 homi-

46 2152 124 2178 nes
148 2154 169 2175 »
190 2136 313 2186 dicti,
339 2137 498 2194 quibus
520 2136 787 2177 assistebant
810 2136 855 2176 in
872 2145 1000 2177 coetu
1018 2135 1252 2176 duodecim
1275 2137 1446 2192 equites
1464 2146 1536 2177 aut

47 2228 195 2254 eorum
241 2213 338 2255 loco
378 2213 507 2254 liberi
553 2213 756 2254 homines
804 2212 1060 2261 duodecim,
1100 2213 1309 2269 jurabant
1358 2229 1451 2253 sese
1494 2214 1534 2254 id

47 2289 338 2332 affirmaturos
366 2290 484 2348 quod
514 2298 727 2331 noverant
747 2305 897 2331 verum
920 2289 973 2330 de
1003 2289 1128 2331 sactis
1157 2289 1241 2330 sibi
1274 2291 1529 2346 propositis.

47 2368 186 2420 Quam
211 2366 488 2423 judiciariam
518 2367 840 2408 institutionem
871 2366 1109 2423 complevit
1143 2366 1358 2407 Ilenricus
1388 2375 1529 2407 ereata

42 2443 353 2500 jurisdictione
380 2443 745 2494 administrativa,
777 2443 955 2484 militari
977 2452 1020 2484 et
1040 2442 1261 2501 religiosa.

106 2521 296 2562 Henrico
326 2528 556 2578 regnante,
591 2520 754 2576 duplex
790 2519 897 2560 illud
928 2535 1084 2560 munus
1116 2520 1234 2560 Ft'sci
1265 2528 1306 2560 et
1333 2520 1528 2560 Jmlieia-

47 2613 160 2648 rum,
186 2597 239 2638 ad
268 2596 444 2639 Curiam
468 2596 663 2656 regalem
696 2597 942 2653 pertinens,
975 2596 1141 2654 regulis
1176 2595 1439 2636 instructum
1468 2605 1534 2636 est

47 2674 266 2715 distinctis
295 2682 339 2715 et
369 2673 676 2715 determinatis
705 2674 861 2733 magis.
899 2673 1112 2714 Henrieus
1144 2673 1158 2712 Ι
1189 2689 1209 2710 «
1243 2672 1481 2728 Echiquier
1517 2692 1534 2710 »

49 2750 188 2792 suerat
215 2759 393 2802 auct0r;
420 2750 636 2791 Henrieus
659 2751 695 2790 ΙΙ
721 2768 741 2789 «
766 2751 885 2790 Bane
909 2749 965 2790 du
989 2750 1070 2790 Roi
1095 2767 1115 2788 »
1142 2747 1349 2799 instituit,
1376 2764 1421 2788 ea
1446 2750 1538 2805 ipsa

47 2826 117 2868 die
157 2843 239 2885 qua
280 2827 577 2884 querimonias
618 2826 823 2876 audiens,
862 2842 967 2883 quas
1014 2826 1309 2867 excitaverant
1354 2825 1530 2881 quidam
