1842 3288
267 348 327 379 104
763 350 813 375 1)ss
845 350 1068 376 WALTERIO
1103 349 1259 375 MAPI’lo

269 438 449 496 dignum
491 436 624 477 fuisse
666 434 740 492 qui
772 435 946 476 vivendi
993 443 1256 492 praeceptor
1297 443 1430 485 esset,
1468 450 1565 485 cum
1606 452 1758 477 omnes

266 516 449 555 virtutes
502 512 708 553 habuerit
763 527 870 568 quas
925 512 978 552 ab
1036 512 1105 552 his
1166 512 1532 568 praeceptoribus
1585 513 1761 572 exigere

270 590 710 632 s01e1n11sZ³Primum
748 589 864 629 enim
896 589 1095 630 sincerus
1129 597 1221 629 erat
1253 606 1259 628 :
1294 588 1422 640 Quod
1459 589 1496 629 si
1526 590 1764 630 Henricum

268 684 397 725 saepe
445 667 611 714 laudat,
658 684 677 705 «
718 681 805 706 non
843 665 1023 706 adulor¹
1064 684 1101 718 »‚
1143 665 1314 722 inquit3
1347 681 1426 706 nec
1454 673 1646 717 temere3
1677 682 1764 707 non

270 746 385 786 enim
430 744 548 785 solus
587 742 829 787 XValterius
876 742 1045 783 nullum
1086 743 1216 783 alium
1262 743 1356 799 regi
1406 758 1483 783 suo
1526 758 1675 799 parem
1715 760 1766 785 co

268 831 467 878 tempore
491 820 690 861 extitisse
707 819 962 870 declaravit,
989 819 1155 860 nullum
1175 835 1313 877 regno
1339 835 1416 859 suo
1439 835 1590 876 pacem
1606 819 1765 877 imper-

269 900 398 940 titum
429 899 552 939 esse²
587 896 663 938 sed
693 905 734 937 et
769 896 935 953 posteri
963 896 1316 937 declaraverunt.
1347 897 1444 937 Non
1473 905 1634 945 antem,
1661 897 1763 938 dum

272 977 469 1017 sincerus
491 983 573 1023 est,
605 982 672 1015 est
692 973 874 1014 timidus
902 990 909 1013 :
934 974 1218 1014 vehementer
1242 973 1458 1014 lacessere
1482 989 1569 1014 non
1593 973 1766 1015 dubitat

272 1052 485 1111 regalium
511 1050 740 1107 judicum³
769 1050 1035 1100 exactiones,
1068 1059 1110 1091 et
1139 1051 1313 1091 curiae³
1336 1050 1597 1091 occultiores
1626 1051 1766 1091 ambi-

270 1130 414 1171 tiones
431 1147 439 1180 3
459 1128 649 1169 audctin
667 1127 861 1168 deterius
886 1127 1049 1167 habere
1068 1126 1236 1183 judicia
1253 1127 1466 1184 quaedam
1484 1143 1672 1184 quorum
1691 1143 1768 1169 rex

271 1207 365 1264 ipse
407 1205 682 1263 particeps⁵3
725 1204 820 1245 vivo
856 1203 998 1245 adhuc
1037 1204 1227 1244 Henrico
1269 1205 1322 1252 II,
1362 1212 1434 1245 aut
1472 1204 1542 1245 vix
1576 1213 1766 1256 mortuo,

272 1283 496 1341 integrum
546 1282 598 1323 de
652 1281 831 1322 domino
879 1280 1094 1337 judicium
1150 1280 1265 1321 ferre
1313 1296 1398 1321 non
1446 1280 1634 1332 dubitat,
1686 1282 1769 1322 etsi

273 1361 527 1418 conjugium
574 1361 668 1416 ejus
716 1358 982 1399 condemnet
1020 1360 1055 1413 (α
1099 1357 1310 1398 Ludovici
1355 1358 1544 1414 piissimi
1590 1359 1773 1414 conjux,-

274 1438 490 1494 injustum
529 1435 776 1476 machinata
823 1435 1077 1485 divortium,
1121 1434 1273 1491 nupsit
1309 1434 1347 1475 ei
1388 1436 1427 1489 n)
1465 1443 1507 1475 et
1538 1435 1632 1491 ejus
1666 1434 1768 1475 vitia

274 1530 362 1555 non
398 1513 662 1554 dissimulet.
693 1513 749 1553 At
787 1512 947 1568 quibus
982 1511 1188 1552 laudibus
1224 1526 1312 1552 non
1354 1527 1510 1553 ornare
1545 1520 1766 1553 auctorem

274 1600 471 1631 nostrum
501 1590 713 1631 debemus
749 1605 863 1637 cum,
901 1597 1132 1645 postquam
1165 1588 1315 1645 paucis
1345 1588 1472 1629 annis
1508 1597 1636 1630 antea
1657 1591 1768 1630 Nor-

274 1684 459 1709 mannus
501 1675 651 1724 poeta,
698 1667 785 1707 Luc
842 1665 894 1706 de
943 1666 981 1705 la
1031 1667 1188 1715 Barre,
1228 1665 1345 1722 quod
1393 1666 1630 1707 Henricum
1676 1666 1768 1723 pri-

275 1746 419 1786 ιῃιιιῃ6
445 1744 577 1785 satira
606 1742 894 1794 mordiderat,
927 1741 1099 1783 effossis
1129 1741 1269 1783 oculis
1294 1758 1458 1799 poenas
1490 1741 1687 1791 dederat,
1715 1742 1769 1783 de

274 1821 455 1863 Henrici
484 1821 573 1861 filio
608 1821 691 1861 hoc
724 1828 871 1860 tamen
902 1819 1120 1875 judicium
1150 1818 1304 1860 fecerit
1343 1836 1350 1859 :
1386 1836 1406 1858 «
1443 1818 1592 1860 multis
1628 1819 1771 1860 clarus

275 1899 472 1940 moribus
502 1907 545 1938 et
570 1897 808 1954 aliquantis
836 1897 1053 1937 obscurus
1088 1896 1206 1937 vitiis
1238 1896 1336 1939 fuit.
1366 1896 1533 1938 Vitium
1562 1904 1629 1937 est
1656 1895 1773 1953 quod

275 1992 295 2017 a
328 1975 476 2016 matris
516 1990 618 2015 suae
654 1973 872 2024 doctrina,
905 1982 951 2013 ut
982 1972 1218 2029 praedisci,
1249 1973 1484 2024 contraxit,
1524 1972 1775 2030 dispendio-

277 2069 351 2094 sus
386 2061 453 2093 est
489 2052 533 2092 in
572 2066 751 2092 suorum
781 2050 988 2108 negotiis,
1026 2050 1142 2090 unde
1172 2050 1220 2090 fit
1256 2058 1300 2090 ut
1336 2058 1569 2107 antequam
1598 2050 1775 2109 negotia

278 2145 428 2171 eorum
458 2136 786 2186 consequantur
808 2127 933 2168 multi
958 2127 1217 2176 moriantur,
1250 2135 1322 2167 aut
1345 2127 1397 2167 ab
1432 2127 1528 2182 ipso
1566 2126 1776 2167 recedant

280 2207 432 2248 tristes
484 2215 525 2247 et
571 2205 691 2255 vani,
736 2204 845 2245 fame
899 2213 1099 2262 cogente.
1136 2204 1302 2245 Vitium
1352 2203 1471 2244 aliud
1523 2212 1604 2252 est,
1655 2202 1774 2260 quod

280 2300 376 2325 cum
402 2283 485 2324 iter
514 2282 633 2332 facit,
659 2297 747 2322 non
776 2282 995 2339 permittit
1024 2297 1068 2321 se
1092 2280 1234 2321 videri
1259 2280 1501 2322 secundum
1529 2289 1628 2321 vota
1655 2281 1773 2321 bono

280 2377 393 2410 rum,
435 2359 512 2400 sed
549 2360 592 2400 in
634 2359 923 2400 interioribus
964 2358 1123 2399 clausis
1166 2358 1270 2399 solis
1310 2357 1398 2399 illis
1445 2358 1649 2414 copiosus
1688 2365 1770 2405 est,

281 2438 356 2495 qui
391 2436 518 2494 copia
557 2444 679 2477 tanta
701 2435 905 2477 videntur
934 2435 1123 2493 indigni.
1156 2435 1319 2478 Vitium
1348 2435 1527 2476 tertium
1551 2442 1632 2482 est,
1657 2433 1774 2491 quod

282 2514 443 2572 quietis
474 2513 726 2570 impatiens,
764 2512 852 2553 fere
887 2512 1117 2553 dimidium
1153 2512 1469 2553 christianismi
1502 2527 1658 2552 vexare
1685 2526 1773 2551 non

323 2671 352 2701 ’1.
378 2672 424 2699 De
444 2668 563 2710 Nztgl's,
588 2679 624 2709 p.
647 2671 697 2700 57.

323 2722 330 2731 ⁵
348 2741 354 2747 .
374 2716 475 2755 lbid.,
495 2727 530 2756 p.
554 2717 625 2746 140.

345 2788 352 2795 .
376 2763 478 2799 Ibid.,
498 2775 533 2804 p.
552 2764 582 2794 8.

345 2835 352 2842 .
375 2811 478 2849 Ibid.‚
500 2822 535 2851 p.
559 2811 610 2841 10.

345 2883 352 2890 .
374 2859 476 2893 Ibid.,
499 2869 533 2899 p.
556 2861 607 2890 55.

347 2930 353 2936 .
376 2906 530 2942 Lenient⁷
551 2916 607 2946 op.
632 2905 703 2944 cit.,
727 2917 760 2945 p.
786 2904 837 2935 39.

326 2718 340 2737 ν

322 2739 341 2935 070¹le
