1842 3288
275 298 314 326 96
766 304 817 329 DE
851 305 1075 330 WALTERIO
1111 305 1267 331 MAPPIO

274 397 419 429 tamen
456 397 540 428 tam
591 397 817 437 cruenter,
858 406 936 430 nec
972 398 1057 430 tam
1097 390 1310 445 injuriose
1345 406 1518 448 semper
1559 393 1764 434 monachi

274 466 477 522 agebant.
497 466 636 522 Saepe
655 467 690 506 si
705 466 861 507 vicinis
879 466 967 507 suis
991 484 1061 508 aes
1090 467 1279 507 alienum
1304 476 1396 508 crat
1412 477 1484 509 aut
1505 469 1639 510 nimia
1662 486 1768 526 pro-

275 542 495 598 digalitas,
533 544 817 584 monasticam
849 545 996 594 vitam,
1032 560 1311 585 communem
1346 545 1561 594 habitum,
1595 562 1766 587 monas-

274 619 375 659 terii
412 618 585 659 divitias
620 619 823 661 laudibus
860 620 1126 669 efferebant3
1168 621 1411 661 invitabant
1447 621 1500 662 ad
1531 622 1766 680 splendida

275 694 459 751 prandia
496 712 504 735 :
545 714 563 734 «
601 697 697 737 Sibi
733 697 967 754 spondent,
1000 698 1059 738 ait
1096 698 1352 745 walterius,
1391 707 1625 755 apparatus
1661 699 1764 740 coti-

277 771 432 812 dianos
467 781 508 813 et
534 773 677 814 vultus
701 790 874 830 semper
896 774 1075 825 hilares,
1097 775 1261 831 jejunis
1284 774 1526 816 ostendunt
1547 775 1764 825 officinas,

277 864 577 907 quoscumque
608 859 794 907 possunt
829 851 873 891 in
909 868 1059 892 eorum
1089 860 1332 909 conspectu
1362 852 1597 893 thesauros
1631 851 1767 894 effun-

277 926 387 967 dunt
417 928 696 968 monasterii¹
734 946 772 968 ».
809 929 906 968 Non
935 928 1115 986 longum
1147 938 1320 985 tempus
1359 937 1450 970 erat
1490 929 1764 987 priusquam,

278 1003 487 1060 deceptus
541 1004 659 1046 salsis
713 1005 1004 1064 imaginibus,
1053 1015 1283 1063 caper-etur
1333 1023 1340 1046 :
1386 1015 1562 1064 captum
1610 1006 1770 1048 deindo

278 1081 541 1136 spoliabant.

337 1159 455 1199 Hanc
502 1159 742 1202 Walterius
782 1160 1005 1201 avaritiam
1051 1160 1198 1201 multis
1245 1161 1499 1202 monasticis
1540 1161 1771 1202 ordinibus

277 1235 451 1276 crimini
480 1236 627 1286 dabat,
659 1237 938 1294 Templiariis
966 1237 1155 1294 primum
1191 1246 1319 1294 atque
1344 1237 1663 1294 Ilospitalibus,
1695 1237 1772 1278 sed

278 1321 320 1352 et
371 1313 744 1354 Cisterciensibus
791 1315 1068 1370 praesertim,
1120 1313 1347 1354 monachis
1394 1313 1521 1365 albis,
1571 1315 1773 1355 Cistercii

279 1388 598 1430 habitantibus.
618 1390 713 1431 Non
736 1398 883 1430 tamen
904 1390 1058 1430 vitium
1082 1391 1164 1431 hoc
1188 1389 1329 1430 solum
1353 1389 1577 1446 prioribus
1600 1390 1770 1446 objicit,

280 1464 355 1505 sed
380 1466 509 1506 etiam
538 1467 757 1523 vituperat
780 1466 898 1523 quod
923 1467 1084 1507 milites
1108 1467 1210 1507 sint,
1238 1484 1259 1505 «
1284 1466 1350 1506 Ibi
1374 1466 1586 1523 gladium,
1611 1466 1770 1524 inquit,

279 1542 502 1599 accipiunt
529 1544 574 1584 in
606 1543 785 1584 tutelam
817 1544 1163 1592 Christianismi,
1196 1543 1315 1600 quod
1339 1545 1470 1584 Petro
1497 1543 1773 1601 prohibitum

279 1620 403 1660 estin
423 1620 726 1661 defensionem
751 1621 933 1662 Christi.
961 1623 1118 1662 Petrus
1134 1622 1198 1662 ibi
1214 1620 1370 1662 didicit
1388 1637 1540 1678 pacem
1562 1636 1772 1679 quaerere

278 1697 488 1752 patientia
528 1716 567 1747 »,
603 1698 726 1739 addit
755 1698 996 1742 XValterius
1032 1699 1095 1755 (in
1130 1714 1215 1756 quo
1250 1698 1460 1740 miramur
1490 1714 1540 1739 eo
1572 1707 1773 1755 tempore

278 1774 392 1814 hunc
419 1790 595 1815 sensum
624 1777 750 1830 esse),
785 1793 806 1814 (t
830 1776 980 1816 nescio
1003 1776 1101 1832 quis
1132 1776 1212 1816 hos
1237 1775 1386 1816 docuit
1410 1791 1564 1832 pacem
1593 1775 1770 1816 vincere

276 1850 501 1893 violentia.
546 1851 750 1894 Gladium
798 1853 1035 1908 accipiunt,
1085 1861 1128 1894 et
1166 1852 1313 1912 gladio
1360 1861 1563 1909 pereunt.
1608 1853 1772 1894 Dicunt

276 1936 421 1969 tamen
444 1945 596 1971 omnes
618 1930 739 1988 leges
769 1938 810 1970 et
838 1930 983 1971 omnia
1010 1932 1110 1987 jura
1137 1930 1225 1971 vim
1257 1930 1298 1970 vi
1341 1930 1558 1987 repellere
1591 1930 1774 1988 permit-

276 2013 391 2047 tunt.
419 2006 476 2047 At
506 2006 579 2047 ille
606 2006 748 2065 legem
786 2007 897 2047 hanc
936 2007 1098 2059 renuit,
1140 2026 1159 2045 »
1195 2033 1267 2059 —,
1300 2007 1433 2062 (Quid
1469 2007 1588 2048 aliud
1619 2015 1772 2064 postea

278 2082 448 2123 'solsto'i'
469 2083 744 2140 praedicabit
756 2083 786 2138 P)
809 2110 882 2137 —7
909 2102 929 2122 «
956 2084 1042 2136 Qui
1064 2085 1195 2125 Petro
1219 2084 1496 2141 percutiente
1519 2084 1770 2142 legionibus

277 2159 534 2217 angelorum
569 2161 787 2218 imperare
822 2160 1010 2202 noluit2.
1046 2178 1066 2200 )›
1098 2161 1417 2202 Cistercienses
1447 2169 1591 2202 autem
1624 2177 1769 2218 repre-

278 2235 461 2277 11011ς11ῒ3
483 2237 618 2294 quod,
649 2254 747 2279 cum
769 2239 886 2296 agris
909 2238 1107 2279 fortunas
1131 2254 1230 2279 suas
1259 2253 1411 2279 omnes
1439 2237 1767 2289 collocaverint,

278 2313 389 2353 nihil
441 2314 527 2355 nisi
572 2331 702 2373 agros
745 2315 906 2366 colant,
960 2314 1167 2372 quodque
1212 2315 1328 2356 inter
1383 2330 1536 2356 omnes
1583 2315 1770 2356 maxime

278 2399 488 2447 respuant
509 2392 715 2433 liberales
738 2392 977 2444 doctrinas,
1003 2393 1056 2432 ab
1084 2391 1307 2433 Abelardo
1330 2393 1515 2449 ejusque
1538 2391 1769 2449 discipulis

279 2467 568 2523 praedicatas.
607 2470 703 2510 Non
744 2468 942 2528 fugiebat
974 2469 1179 2512 W‘alterii
1213 2468 1449 2525 aequales'*
1477 2485 1576 2511 eum
1607 2469 1769 2511 Cister-

277 2544 447 2585 cienses
469 2545 514 2586 in
536 2545 637 2586 odio
660 2546 840 2596 habere,
867 2545 1089 2603 multaque
1107 2545 1429 2598 referebantur,
1448 2547 1563 2588 inter
1585 2545 1766 2598 aulicos,

280 2621 368 2662 sive
391 2623 541 2678 jocosa
563 2623 651 2664 sive
674 2623 856 2681 tragica.

322 2722 350 2752 ’1.
369 2725 416 2752 De
431 2723 551 2764 Nugis,
574 2734 609 2763 p.
626 2724 676 2753 44.

321 2771 351 2799 2.
370 2772 418 2800 De
437 2770 558 2812 Nugis,
580 2781 615 2811 p.
637 2771 686 2801 32.

317 2819 347 2846 3.
375 2819 411 2856 Q.
434 2817 555 2847 Jacobi
571 2819 612 2848 de
639 2818 777 2848 Vituaco
797 2818 895 2850 Hist..
918 2818 1050 2856 occid„
1072 2829 1101 2848 c.
1126 2818 1215 2854 XIII,
1243 2818 1325 2855 XIV,
1350 2818 1462 2850 XXXI.

321 2864 350 2893 li.
375 2864 507 2895 Girald.
529 2865 668 2896 Cambr.
688 2864 862 2906 Speculum
881 2864 1063 2902 Ecclesiae,
1083 2875 1116 2905 p.
1137 2875 1231 2895 xxm.
