1842 3288
228 332 268 362 52
724 335 775 359 DE
807 334 1033 360 WALTERIO
1068 334 1223 359 MAPPIO

231 422 334 463 bitis
353 424 379 461 ¹.
408 439 427 461 ))
454 422 547 462 Rex
579 438 599 459 ‹<
632 429 774 461 autem
807 421 890 461 hoc
917 421 1097 461 verbum
1122 420 1285 460 serium
1315 421 1484 477 accepit
1514 437 1592 477 pro
1615 421 1725 462 ridi-

230 499 328 540 culo
364 515 402 537 ›>.

289 576 385 616 Non
416 589 519 615 sane
541 582 628 615 tam
653 574 843 632 maligne
868 573 1063 614 monenti
1088 573 1312 614 arrisisset
1340 572 1584 615 Ludovicus
1608 574 1722 616 deci-

234 668 327 692 mus
350 659 554 708 quartus3
586 666 673 691 non
711 659 797 691 tani
833 651 949 691 bono
981 650 1127 690 animo
1156 649 1394 690 blanditias
1425 649 1722 708 flagitatorum

230 727 502 785 pertulisset,
533 736 606 768 aut
634 727 826 784 querelis
849 743 997 768 aurem
1028 727 1325 783 praebuissct;
1352 742 1432 767 nec
1462 727 1601 785 magis
1629 728 1724 784 pla-

228 805 424 846 cuissent
451 812 602 863 gestus
637 805 915 845 sermonibus
953 804 1213 845 accedentes
1262 820 1269 843 :
1313 823 1329 840 «
1382 804 1564 856 Quoties
1613 805 1719 857 exit,

229 881 438 938 arripitur
472 897 494 921 a
530 881 672 921 turbis
701 889 744 922 et
777 881 820 921 in
859 880 951 921 loca
987 879 1263 929 distrahitur,
1303 889 1345 921 et
1382 897 1468 937 quo
1509 896 1594 921 non
1630 882 1722 922 vult

231 958 487 1014 impellitur,
514 966 571 1007 et,
598 957 715 1014 quod
739 957 897 998 mirum
927 966 1009 1007 est,
1035 958 1233 1015 singulos
1262 957 1384 998 audit
1416 958 1653 1014 patienter,
1680 967 1722 999 et

230 1034 463 1090 injuriatus
502 1034 554 1074 ab
594 1034 800 1075 omnibus
840 1050 937 1074 cum
973 1033 1257 1085 clamoribus,
1295 1050 1391 1075 cum
1424 1035 1639 1076 tractibus
1680 1044 1723 1076 et

228 1111 432 1152 violentis
456 1110 738 1166 impulsibus,
772 1111 873 1151 inde
906 1111 1072 1151 nemini
1104 1111 1365 1151 calumniam
1395 1111 1497 1152 facit
1534 1121 1606 1153 aut
1635 1112 1723 1153 irae

230 1187 583 1238 similitudinem,
639 1203 825 1245 cumque
868 1188 999 1228 nimis
1047 1189 1338 1246 angustiatur,
1384 1187 1496 1245 sugit
1535 1189 1587 1229 ad
1630 1189 1723 1230 loca

230 1268 350 1326 pacis
369 1268 382 1288 ²
407 1286 446 1308 )).
473 1269 535 1308 Ex
557 1267 630 1308 illa
653 1267 788 1325 Regis
808 1267 954 1326 effigie
972 1268 1047 1324 qui
1071 1284 1159 1308 non
1184 1267 1312 1308 modo
1336 1286 1356 1306 «
1383 1268 1494 1308 nihil
1511 1271 1718 1326 superbe,

175 1379 186 1384 ,
229 1344 341 1384 nihil
382 1344 548 1385 tumide
578 1344 680 1385 facit
712 1362 750 1392 n,
786 1344 862 1385 secl
891 1345 1020 1385 etiam
1054 1360 1141 1384 non
1183 1345 1335 1385 horret
1356 1345 1558 1385 manibus
1593 1361 1722 1404 egen—

230 1421 338 1460 tium
360 1421 632 1477 praeteriens
662 1422 814 1477 arripi,
841 1422 884 1461 in
908 1421 1079 1461 diversa
1102 1421 1307 1469 distrahi,
1340 1422 1392 1461 ab
1423 1421 1498 1461 illo
1526 1421 1718 1477 probris,

232 1497 285 1538 ab
315 1498 398 1538 hoc
427 1497 635 1554 precibus
664 1498 865 1548 onerari;
897 1498 966 1539 cui
996 1498 1116 1539 nulla
1146 1514 1275 1554 saepe
1305 1498 1458 1539 salutis
1492 1498 1559 1539 via
1591 1514 1721 1555 supe-

231 1583 320 1614 rest
354 1583 529 1631 praeter
563 1575 725 1632 sugam,
765 1584 813 1616 ut
839 1576 1027 1616 viscatos
1059 1575 1286 1631 amplexus
1315 1575 1521 1634 effugiat3
1550 1591 1601 1616 ex
1629 1575 1718 1625 illa,

229 1652 424 1708 inquam,
475 1651 620 1709 effigie
667 1653 815 1692 statim
864 1652 1155 1710 intelligimus
1205 1668 1420 1709 quaenam
1469 1652 1602 1693 suerit
1647 1652 1718 1693 illa

232 1746 252 1767 «
295 1728 412 1769 curia
445 1746 465 1767 »
508 1729 550 1769 in
598 1744 681 1785 qua
729 1729 907 1786 Mappio
948 1729 1182 1770 vivendum
1212 1739 1254 1770 et
1294 1729 1584 1770 laborandum
1621 1729 1718 1770 suit.

230 1805 385 1847 Nullus
423 1806 485 1846 ibi
520 1815 771 1862 apparatus,
809 1822 969 1863 pompa
1010 1807 1144 1847 nulla.
1183 1807 1268 1859 Qui
1314 1822 1391 1847 rex
1423 1815 1602 1848 vocatur
1636 1822 1724 1847 non

232 1891 298 1924 est
320 1898 516 1923 summus
540 1898 685 1923 rerum
719 1883 900 1933 arbiter,
933 1883 1011 1924 sed
1051 1884 1184 1925 herus
1219 1885 1343 1940 cujus
1372 1884 1584 1941 impensis
1617 1883 1725 1924 vivi-

230 1968 316 2009 tur,
343 1959 396 2000 de
425 1976 512 2016 quo
536 1975 622 2000 non
647 1961 759 2001 bene
789 1969 1014 2001 merentur
1039 1960 1125 2001 nisi
1153 1970 1200 2002 ut
1228 1977 1357 2018 quam
1387 1961 1617 2002 maximam
1646 1976 1725 2017 pro

232 2037 400 2077 meritis
427 2037 613 2095 gratiam
636 2037 866 2093 rependat.
892 2037 927 2078 A
957 2055 978 2076 «
1006 2038 1352 2094 patrefa1nilias³
1376 2056 1396 2077 ))
1426 2037 1500 2078 alii
1522 2037 1724 2078 obeunda

233 2130 414 2155 munera
442 2114 675 2170 petebant3
710 2114 782 2155 alii
818 2114 1013 2155 vestibus
1046 2123 1170 2155 erant
1192 2115 1412 2165 contenti3
1437 2115 1511 2156 alii
1533 2115 1725 2172 denique

232 2200 278 2232 ut
324 2191 408 2232 sibi
443 2191 588 2248 panis,
626 2191 790 2240 vinum,
842 2191 1022 2232 candela
1070 2200 1361 2249 erogarentur
1402 2191 1721 2249 efflagitabant,

232 2268 386 2309 eodem
411 2268 540 2309 modo
559 2284 645 2325 quo
668 2267 801 2309 hodie
824 2268 987 2318 cibum,
1013 2268 1177 2317 lumen,
1204 2269 1352 2326 ignem
1375 2268 1459 2310 sibi
1478 2268 1719 2309 vindicant.

232 2345 447 2385 Audiatur
475 2344 622 2401 potius
656 2345 833 2402 quantis
863 2345 1065 2385 laudibus
1095 2346 1274 2386 Henrici
1307 2346 1440 2403 primi
1469 2344 1725 2386 memoriam

233 2422 439 2479 Mappius
472 2431 768 2478 prosequatur
799 2439 806 2462 :
853 2440 873 2461 «
906 2423 1071 2462 Omnes
1100 2422 1356 2463 decessores
1385 2438 1487 2463 suos
1510 2423 1725 2481 regimine

233 2499 474 2555 tranquillo
495 2499 601 2539 vicit
622 2507 665 2540 et
693 2498 875 2547 divitiis,
913 2507 955 2539 et
977 2500 1147 2558 magnis
1170 2515 1250 2556 per
1277 2508 1416 2540 totum
1449 2500 1726 2541 christianis-

235 2592 350 2616 mum
375 2574 628 2632 impendiis.
661 2577 745 2616 Ter
774 2576 817 2616 in
845 2591 959 2616 anno
989 2576 1203 2617 vestiebat
1225 2576 1493 2618 Ludovicum
1515 2576 1726 2618 Franciae

236 2668 383 2711 regem
409 2660 452 2693 et
473 2652 623 2709 plures
645 2652 896 2709 principum
921 2668 1116 2694 suorum.
1144 2652 1346 2710 Scriptos
1369 2653 1562 2694 habebat
1577 2668 1730 2694 omnes

276 2791 304 2821 Ί.
329 2794 374 2820 De
393 2791 511 2832 Nugz's,
536 2802 570 2831 p.
595 2792 625 2828 7,
647 2791 709 2821 lin.
731 2793 761 2829 6,
786 2792 834 2821 11.

275 2839 304 2868 2.
326 2840 372 2868 De
396 2838 514 2880 Nugis,
540 2849 574 2878 p.
593 2839 664 2875 231,
687 2838 748 2868 lin.
771 2841 801 2877 5,
820 2839 870 2868 ‘lO.

275 2887 304 2916 3.
324 2885 425 2923 Ibid„
451 2897 485 2926 p.
511 2887 581 2923 226,
601 2886 660 2915 lin.
684 2887 700 2915 3
