1873 3329
547 317 597 342 nt'.
630 317 841 343 wmxrssnu
878 318 1019 343 ΜΑΡΡΙΙ
1055 319 1148 344 ΥΙΤΑ
1556 317 1593 346 53

105 403 288 444 comites
311 411 353 443 et
370 403 556 442 barones
592 410 732 443 terrae
755 418 872 451 suae,
899 402 1218 460 constituitque
1252 404 1314 445 eis
1339 405 1379 444 in
1406 404 1590 446 adu—niu

104 479 168 520 vel
194 496 313 520 mora
341 480 487 520 curiae
511 495 611 519 suae
633 486 751 520 certa
776 479 974 527 exennia,
1001 480 1162 536 quibus
1184 496 1258 520 eos
1282 481 1524 522 honorabat
1550 482 1589 522 in

104 556 316 605 candelis,
342 571 452 613 pane
480 556 712 612 vinoque'.
742 573 762 594 »
800 556 1005 596 Proximo
1035 555 1147 605 loco,
1173 557 1377 613 Mappius
1399 558 1453 598 ad
1476 558 1590 599 idem

104 633 379 690 propositum
429 632 685 679 revertitur,
737 640 780 672 ct
826 632 882 673 ita
925 632 987 672 rei
1026 633 1281 674 immoratur
1322 643 1367 674 ut
1417 635 1590 675 interim

102 709 256 750 credas
280 709 456 750 llenrici
474 708 655 749 secundi
673 709 868 749 convivia
892 725 1045 766 parum
1070 709 1200 757 lauta,
1231 718 1385 751 tenues
1408 712 1590 752 nimium

103 786 238 843 dapes
286 786 348 827 illi
369 786 482 826 visas
524 785 656 826 fuisse
674 786 702 825 ὅ.
733 786 910 827 «Nemo
945 786 1101 827 diebus
1140 786 1227 828 illis
1268 803 1456 844 pauper,
1507 788 1591 829 nisi

104 863 262 904 fatuus.
294 863 429 904 Cibus
458 871 499 903 et
522 871 650 918 potus
673 862 840 903 avidius
869 863 1088 904 dabantur
1116 880 1245 920 quam
1282 865 1586 906 sumebantur.

103 941 372 997 Cuicumque
406 940 681 996 propositum
718 949 810 980 erat
841 956 892 980 ex
925 940 1068 981 alieno
1105 941 1265 990 vivere,
1298 942 1460 998 ubique
1502 950 1588 982 tam

99 1025 325 1074 gratanter
380 1016 686 1065 exhibebatur,
731 1025 777 1057 ut
836 1032 1050 1074 nusquam
1096 1018 1418 1075 ignominiosae
1478 1019 1590 1060 vitae

100 1093 301 1150 puderet.
319 1094 332 1115 ²
357 1110 378 1131 »

156 1170 217 1210 Ne
245 1178 391 1210 tamen
414 1169 458 1210 in
488 1185 681 1210 errorem
714 1169 975 1211 inducamur
1003 1171 1083 1211 hac
1105 1172 1262 1228 regiae
1285 1171 1397 1212 vitae
1426 1171 1588 1212 duode-

100 1247 212 1287 cimo
229 1245 403 1287 saeculo
423 1246 719 1303 simplicitate.
740 1247 942 1288 Nondum
964 1248 1142 1304 quidem
1160 1257 1442 1289 assueverant
1461 1248 1589 1289 aulici

99 1331 250 1380 petere
272 1323 356 1364 sibi
379 1323 600 1364 fructuosa
627 1324 771 1364 munia
791 1332 864 1364 aut
886 1324 1127 1365 honorifica
1157 1325 1364 1382 insignia,
1397 1325 1473 1366 sed
1502 1341 1588 1366 non

100 1401 244 1441 minor
268 1408 359 1441 erat
379 1401 591 1458 pecuniae
614 1400 814 1451 aviditas,
834 1416 920 1441 non
944 1401 1088 1442 minor
1110 1401 1359 1451 aemulatio,
1385 1417 1481 1443 cum
1500 1404 1588 1459 jam

98 1477 305 1533 turpibus
326 1478 443 1518 vitiis
468 1477 737 1518 «curialium
757 1495 777 1516 ))
802 1477 935 1518 animi
958 1477 1257 1520 inficerentur.
1286 1480 1332 1519 In
1357 1479 1439 1519 hoc
1462 1478 1588 1520 fami-

99 1553 271 1594 liarium
306 1562 436 1595 coetu
472 1555 852 1604 numerosissimo,
884 1563 930 1595 ut
958 1555 1093 1596 refert
1125 1556 1347 1612 Mappius,
1372 1572 1394 1596 e
1429 1555 1588 1613 quibus

98 1646 184 1671 non
209 1639 303 1672 erat
324 1631 398 1688 qui
420 1647 611 1688 unquam
635 1647 656 1672 a
680 1647 782 1690 rege
805 1631 1068 1681 discederet,
1096 1633 1171 1689 qui
1194 1648 1278 1673 non
1304 1649 1403 1673 eum
1425 1633 1587 1689 ubique

98 1709 411 1764 sequeretur³;
437 1709 479 1748 in
502 1709 630 1749 turba
660 1708 876 1758 mutabili,
909 1726 928 1747 «
956 1725 1177 1766 nunquam
1213 1709 1256 1750 in
1288 1709 1442 1750 eodem
1474 1717 1587 1750 statu

97 1786 411 1841 permanente⁴
447 1803 486 1833 »,
525 1787 614 1842 jam
655 1800 904 1842 quanquam
941 1786 985 1826 in
1021 1786 1191 1827 minore
1227 1802 1342 1837 area,
1391 1786 1588 1827 invenire

98 1869 191 1901 erat
212 1869 405 1902 atrocem
440 1861 648 1902 invidiam
681 1877 764 1919 qua
793 1863 934 1903 uritur
963 1862 1165 1919 quisquis
1188 1877 1286 1903 cum
1309 1862 1587 1919 principibus

93 1938 239 1994 gentis
261 1938 521 1979 auctoritate
553 1938 907 1995 praevalentibus
946 1948 1248 1980 conversatur.
1273 1939 1403 1996 Apud
1426 1940 1586 1980 Henri-

94 2028 191 2054 cum
230 2014 472 2056 secundum
503 2024 549 2056 ut
583 2015 699 2072 apud
729 2015 998 2057 Ludovicum
1028 2015 1248 2057 decimum
1290 2025 1510 2073 quartum,
1541 2024 1587 2056 ut

95 2090 212 2148 apud
259 2107 333 2132 eos
380 2092 454 2149 qui
491 2091 682 2148 publicis
724 2093 856 2134 rebus
895 2092 1026 2133 hodie
1066 2101 1294 2149 praesunt,
1337 2092 1463 2134 multi
1503 2092 1586 2133 sata

93 2182 248 2224 aspera
284 2184 371 2209 non
410 2177 639 2226 rumpunt,
688 2169 849 2210 multos
886 2185 1007 2210 amor
1043 2169 1109 2210 sui
1147 2168 1386 2210 effrenatus
1419 2170 1510 2226 agit
1543 2169 1585 2209 in

94 2244 278 2300 proelia.
316 2246 364 2286 In
402 2245 600 2287 consiliis
641 2246 837 2294 Henrici,
870 2247 911 2287 in
948 2246 1170 2303 regalibus
1205 2246 1362 2287 officiis
1392 2246 1513 2295 olim,
1541 2247 1583 2286 in

93 2320 285 2377 publicis
315 2323 571 2364 muneribus
600 2322 732 2364 hodie
758 2323 874 2379 apud
904 2339 998 2373 nos,
1021 2324 1184 2381 integri
1204 2324 1332 2372 vitae,
1358 2339 1582 2380 nunquam

93 2412 113 2437 a
155 2405 272 2439 recta
313 2399 584 2440 conscientia
616 2400 873 2441 aberrantes
913 2401 995 2441 viri
1030 2401 1072 2440 in
1114 2416 1302 2457 aequore
1333 2408 1453 2441 vasto
1495 2399 1582 2440 rari

92 2484 321 2530 apparent.
347 2476 516 2533 Mappii
537 2477 670 2518 verba
699 2477 857 2518 iterum
893 2476 1135 2518 audiamus.
1174 2479 1296 2518 Duae
1328 2486 1429 2518 sunt
1461 2477 1581 2516 simi-

93 2550 302 2593 litudines
330 2567 436 2609 quas
459 2552 582 2594 illum
608 2553 651 2594 in
676 2553 778 2594 libri
813 2553 1035 2610 principio
1065 2563 1107 2594 et
1140 2554 1224 2594 fine
1252 2554 1417 2595 referre
1441 2555 1576 2610 juvat.

94 2628 213 2680 Quae
242 2644 287 2669 se
309 2630 604 2686 spectantium
636 2631 774 2671 oculis
803 2631 1018 2688 praebent
1042 2631 1085 2671 in
1110 2631 1289 2672 Henrici
1317 2631 1435 2688 regia
1460 2645 1579 2671 com-

133 2728 161 2758 1.
181 2730 227 2758 De
246 2729 364 2770 Nugis,
385 2741 420 2770 p.
445 2731 516 2767 224,
539 2730 600 2760 lin.
623 2731 673 2767 21,
693 2732 743 2762 27.

132 2775 162 2805 2.
187 2775 290 2815 Ιόἱιί.,
310 2787 345 2817 p.
367 2778 439 2807 226.

133 2823 164 2852 3.
183 2823 284 2862 lbid.‚
308 2834 342 2864 p.
365 2824 416 2862 14,
438 2824 498 2854 lin.
519 2826 548 2855 3.

131 2871 161 2901 4.
181 2870 283 2907 lbid.,
306 2882 339 2911 p.
362 2873 389 2907 1,
412 2872 474 2902 lin.
496 2873 525 2907 5,
549 2874 578 2902 6.
