1842 3288
254 329 313 359 180
750 330 801 355 DE
834 329 1059 355 WALTERIO
1093 329 1249 356 MAPPIO

313 416 517 470 Quamvis
533 417 604 459 W.
624 415 828 472 Mappius
847 433 866 453 «
886 415 1061 455 trivium
1088 423 1168 455 »et
1192 432 1212 453 «
1232 415 1505 472 quadrivium
1525 433 1546 455 »
1565 416 1742 457 nomine

252 494 532 551 Pythagorae
554 500 743 541 tueatur,
770 507 857 532 non
886 508 906 531 a
931 491 1180 549 Pythagora
1207 499 1354 532 tamen
1384 493 1591 549 princeps
1620 492 1741 533 locus

248 579 425 611 tenetur
462 570 507 610 in
542 569 718 625 Campis
752 568 929 625 Elysiis,
967 567 1041 608 sed
1073 569 1124 608 ab
1160 567 1249 608 illis
1282 569 1494 610 mentium
1523 569 1568 610 in
1598 568 1743 610 medio

253 663 356 687 aevo
404 646 728 687 incitatoribus.
785 645 904 697 Quae
961 644 1099 703 gloria
1159 653 1304 685 manet
1353 653 1540 701 quatuor
1596 646 1743 704 magni

253 723 420 781 ingenii
455 723 587 772 viros,
623 723 713 779 qui,
754 722 834 763 etsi
869 724 1028 762 virtute
1063 722 1276 778 impares,
1318 737 1401 762 una
1435 731 1582 763 tamen
1616 731 1659 763 et
1692 737 1745 762 ex

253 817 391 858 aequo
431 799 678 858 procedunt
713 815 844 855 super
879 798 1090 839 odorante
1123 798 1337 857 gramine.
1383 798 1506 840 Plato
1546 807 1589 840 et
1617 799 1742 840 Aris-

249 877 433 918 toteles¹
473 892 621 917 revera
662 876 941 923 exstiterunt,
986 875 1078 932 qui,
1121 875 1386 932 interposito
1424 875 1587 916 saeculi
1615 875 1744 916 unius

249 953 496 1002 intervallo,
530 961 699 993 mentes
728 951 1137 1008 expergefecerunt.
1172 951 1294 992 Illius
1323 952 1558 993 auctoritas
1587 952 1630 992 in
1654 951 1744 992 dis-

250 1029 552 1088 putationibus
596 1028 909 1085 metaphysicis
944 1028 998 1069 ad
1029 1028 1300 1070 Abelardum
1340 1028 1523 1086 prolatis
1563 1044 1743 1086 praeva-

250 1109 344 1149 lens
385 1107 611 1163 apparuit3
640 1106 757 1146 hunc
802 1114 944 1146 autem
987 1106 1170 1162 posthae
1204 1105 1353 1146 videre
1396 1114 1462 1146 est
1499 1108 1663 1162 majore
1699 1106 1742 1146 in

251 1185 366 1225 diem
400 1183 540 1242 gratia
571 1182 754 1240 pollere,
789 1191 919 1239 atque
954 1182 998 1223 in
1037 1183 1246 1238 operibus
1283 1183 1328 1223 S.
1369 1183 1562 1223 Thomae
1600 1182 1744 1240 splen-

240 1262 431 1304 descere
449 1261 462 1282 ²

470 1294 477 1300 .
519 1261 573 1301 Hi
608 1259 784 1300 maximi
824 1259 910 1300 duo
945 1259 1202 1316 philosophi
1239 1259 1322 1299 levi
1362 1275 1492 1316 passu
1533 1259 1746 1300 incedunt

251 1346 428 1395 praeter
472 1337 687 1394 porticus,
736 1352 757 1376 a
804 1336 962 1376 ceteris
1010 1336 1254 1395 segregati;
1304 1351 1412 1392 quos
1459 1336 1744 1393 subsequitur

259 1415 534 1464 Priscianu53
559 1414 630 1454 hic
653 1413 738 1453 sibi
763 1413 936 1453 videtur
963 1412 1104 1453 adhuc
1133 1413 1176 1453 in
1200 1412 1347 1453 schola
1376 1412 1553 1463 docere,
1585 1430 1606 1451 «
1637 1412 1746 1453 dans

251 1492 408 1549 palmis
446 1491 656 1531 verbera3
692 1507 731 1530 )).
766 1489 1019 1530 Priscianus
1057 1490 1173 1529 enim
1211 1489 1405 1530 horridis
1440 1497 1482 1530 et
1519 1490 1613 1530 sine
1654 1498 1745 1530 arte

253 1567 618 1610 translationibus
647 1567 858 1607 docuerat
885 1566 1231 1607 adolescentium
1266 1574 1440 1607 teneras
1470 1575 1638 1607 mentes
1672 1582 1746 1608 co-

254 1647 370 1703 piam
406 1643 736 1694 vocabulorum,
773 1659 883 1699 quae
923 1643 1032 1699 ipsis
1074 1659 1184 1700 opus
1226 1651 1365 1684 erant.
1405 1644 1510 1685 Post
1556 1644 1745 1684 Priscia-

253 1739 356 1763 num
392 1721 604 1762 incedunt
644 1720 841 1772 Boetius,
891 1728 1019 1776 atque
1054 1719 1276 1779 Vergilius
1307 1737 1328 1758 <c
1368 1720 1559 1761 formans
1597 1736 1745 1761 aereas

253 1799 451 1840 [11115035ι
487 1816 532 1848 »3
567 1797 612 1838 hi
647 1798 763 1838 enim
794 1797 1014 1838 mentibus
1060 1797 1360 1853 praebuerunt
1400 1797 1626 1838 materiam
1667 1796 1747 1838 ali-

251 1892 379 1933 quam
403 1875 633 1916 moralium
651 1874 999 1931 disputationum
1022 1873 1385 1931 generaliumque
1408 1874 1742 1923 sententiarum,

253 1969 360 2009 quae
389 1961 494 1993 tunc
516 1968 595 1992 usu
623 1951 916 1991 habebantur.

314 2029 407 2070 Illis
452 2029 532 2070 sub
579 2027 730 2086 frigidi
777 2027 969 2068 nemoris
1011 2028 1190 2068 arbores
1229 2026 1451 2083 proximas
1498 2027 1743 2079 subductis,

254 2107 364 2147 vidit
385 2121 530 2147 coram
561 2121 605 2146 se
641 2112 915 2145 transeuntes
939 2120 1106 2153 omnes,
1134 2119 1319 2160 quorum
1343 2119 1476 2161 opera
1504 2099 1586 2145 ista
1608 2112 1747 2145 aetate

256 2180 533 2237 aliquatenus
556 2188 657 2220 nota
682 2179 802 2219 fuere
823 2194 830 2218 :
855 2178 1171 2228 Ptolemaeum,
1197 2177 1441 2229 Euclidem,
1469 2178 1743 2226 Ciceronem,

255 2256 476 2306 Ovidium,
508 2258 703 2303 Persam,
731 2258 952 2297 Lucanum
976 2263 1018 2295 et
1041 2254 1284 2305 Catullum3
1312 2270 1463 2295 omnes
1487 2255 1616 2295 etiam
1643 2263 1747 2295 tune

252 2334 467 2390 temporis
496 2334 673 2374 nomine
700 2341 873 2373 tantum
903 2341 1046 2380 notos,
1078 2331 1255 2372 eosdem
1289 2330 1592 2372 doctrinarum
1623 2331 1748 2371 abdi-

255 2419 396 2451 tarum
438 2418 645 2466 tanquam
682 2409 860 2466 figuras,
899 2417 946 2449 ut
974 2408 1260 2458 Heraclitum,
1293 2408 1588 2467 Pythagoram
1617 2416 1747 2464 atque

258 2486 519 2528 Archelaum
543 2488 570 2526 5.
614 2486 813 2542 Denique
861 2494 907 2525 ut
951 2494 1091 2525 totum
1143 2485 1225 2525 hoc
1272 2484 1491 2525 somnium
1538 2484 1657 2525 omni
1698 2500 1749 2524 ex

258 2572 380 2620 parte
426 2564 583 2603 mirum
629 2563 698 2612 sit,
762 2570 975 2618 apparent
1022 2570 1063 2602 et
1122 2560 1187 2601 illi
1234 2560 1520 2616 praecellenti
1568 2561 1748 2618 ingenio

300 2703 327 2732 1.
349 2702 464 2740 Poole‚
486 2700 569 2730 Hlst.
597 2701 640 2741 “f
657 2701 746 2730 Med.
774 2700 916 2741 Tonglzt‚
939 2710 974 2740 p.
997 2701 1046 2736 55,
1070 2702 1119 2736 53,
1140 2699 1209 2729 117.
1232 2703 1403 2736 Poemata,
1421 2710 1455 2740 p.
1481 2700 1510 2736 3,
1533 2700 1583 2730 27.

297 2751 325 2779 2.
349 2749 463 2784 Poole,
484 2759 518 2788 p.
539 2748 568 2786 1,
589 2748 657 2784 142,
681 2749 751 2787 239,
772 2749 843 2777 266.

299 2797 328 2826 3.
354 2798 526 2833 [wemma.
543 2806 578 2835 p.
600 2797 629 2825 3.

295 2844 324 2873 [1.
349 2843 449 2877 Ibz'd.v
474 2854 507 2883 p.
529 2844 560 2878 4,
582 2843 631 2879 26,
653 2844 701 2872 27.

301 2893 328 2919 ἶ).
351 2893 525 2926 Poematia,
551 2901 586 2931 p.
611 2892 640 2926 3,
660 2891 690 2927 4,
711 2892 740 2925 5,
766 2890 816 2925 26,
836 2890 885 2919 27.
