1842 3288
270 279 309 309 18
765 275 814 299 DE
848 272 1072 299 WALTERIO
1110 273 1268 298 MAPPlO

267 370 308 409 in
344 366 550 423 negotiis,
586 360 780 420 quamvis
810 359 1059 399 incuriosus
1094 357 1309 408 videatur,
1347 373 1583 415 numquam
1618 362 1756 418 quieti

266 443 541 500 indulgcns¹,
563 438 776 480 llcnricus
799 437 836 477 ΙΙ
859 452 908 476 ea
932 436 1089 476 mentis
1105 434 1332 475 alacritate
1352 435 1556 477 utebatur
1577 453 1688 494 quae
1703 437 1756 479 ad

264 522 523 562 immensum
545 515 781 571 Imperium
805 511 1205 553 administrandum
1239 510 1476 554 sufficeret.
1504 513 1550 554 Si
1572 514 1755 571 triginta

265 599 457 655 quinque
488 593 614 635 annis
655 590 869 648 regnavit,
899 588 1113 630 tredecim
1157 604 1294 629 annos
1329 588 1470 629 solum
1512 590 1554 630 in
1592 590 1753 648 Anglia

264 674 452 732 peregit,
472 669 702 712 etnonnisi
717 668 809 707 vice
825 665 1008 722 triplici,
1026 665 1154 706 binos
1169 674 1463 706 commoratus
1480 674 1561 707 est.
1582 667 1750 726 Insigni

202 739 206 744 .
265 750 487 808 praeditus
519 745 728 788 memoria
758 762 777 783 «
812 751 854 783 ct
883 742 1150 784 discretione
1186 742 1442 784 suavitatem
1478 742 1748 801 singularem

264 827 488 869 redolente
514 844 532 864 >>
553 826 582 874 2,
609 821 825 863 amicitiae
847 829 978 860 tenax
1001 819 1114 860 sicut
1133 828 1175 860 et
1196 818 1302 868 odii,
1332 819 1549 861 Henricus
1573 821 1609 861 ΙΙ
1633 812 1751 861 exci-v

262 906 380 945 tabat
409 904 473 959 (ut
505 899 745 945 NValterius
773 897 977 954 Mappius
1009 896 1218 953 exemplis
1248 896 1484 952 probabit),
1516 898 1560 937 in
1592 897 1750 938 animis

263 996 485 1023 servorum
518 986 560 1019 et
593 976 832 1017 amicorum
868 973 1085 1014 ferventes
1119 973 1198 1013 hos
1227 972 1426 1024 affectus,
1463 974 1537 1030 qui
1566 975 1750 1015 maxime

262 1059 375 1099 viros
398 1056 602 1114 politicos
626 1051 847 1093 custodire
871 1058 913 1091 et
936 1065 1105 1090 armare
1129 1058 1328 1106 possunt.
1358 1052 1543 1106 Insuper
1566 1051 1752 1107 cupidus

259 1135 349 1176 veri
379 1143 420 1175 et
451 1133 622 1177 doctus,
655 1129 816 1187 dignus
846 1135 937 1167 erat
973 1126 1048 1184 qui
1084 1142 1104 1166 a
1143 1125 1277 1167 Fulco
1302 1126 1504 1185 Benigno
1533 1127 1749 1185 originem

261 1213 470 1256 traheret,
511 1209 633 1265 cujus
675 1213 838 1246 norunt
877 1219 1028 1244 omnes
1071 1203 1252 1244 verbum
1288 1203 1382 1260 regi
1416 1204 1626 1245 Lothario
1660 1204 1754 1246 dic-

262 1298 351 1329 tum
383 1305 390 1327 :
428 1306 447 1325 «
478 1287 571 1327 Rex
600 1283 870 1333 illitteratus,
897 1281 1043 1321 asinus
1071 1289 1306 1320 coronatus
1339 1298 1386 1330 »3
1411 1280 1602 1338 denique
1630 1297 1753 1339 egre·

262 1367 359 1423 gius
395 1363 671 1421 propinquus
706 1374 860 1418 regum
899 1357 1322 1413 Hierosolymorum,
1362 1356 1582 1398 Baldwini
1616 1359 1674 1399 III
1709 1367 1751 1399 et

229 1431 239 1437 ,
262 1440 468 1483 Amalrici
486 1441 518 1490 I,
543 1438 618 1496 qui
640 1437 752 1478 fama
773 1435 1067 1476 litteratorum
1091 1433 1356 1491 pollebant³.
1382 1434 1480 1474 Non
1504 1434 1662 1475 mirum
1684 1444 1751 1476 est

260 1520 395 1577 igitur
423 1516 631 1574 palatium
663 1513 866 1554 omnibus
900 1511 1093 1568 patuisse
1123 1510 1345 1558 exulibus,
1379 1525 1488 1566 quos
1522 1512 1750 1553 recreabat

260 1596 505 1655 legatorum
534 1592 762 1639 introitus,
796 1588 1160 1646 peregrinoru1n⁴
1185 1587 1396 1628 adventus
1431 1596 1473 1628 et
1499 1603 1745 1639 cursorum,

260 1682 301 1713 et
319 1689 418 1713 vere
437 1668 663 1712 coenaculi
685 1667 888 1708 litterarii
913 1666 1148 1723 imaginem
1172 1664 1446 1721 praebuisse.
1474 1666 1689 1707 Henricus
1712 1667 1749 1707 ΙΙ

550 1753 810 1806 gregaverat
855 1759 1037 1784 coaevos
1090 1742 1433 1792 illustrissimos,
1483 1758 1535 1783 ex
1592 1744 1753 1800 quibus

259 1831 346 1872 ΗΝΗι
375 1829 427 1870 de
455 1829 606 1874 Xszce,
641 1826 716 1882 qui
747 1823 866 1882 quod
891 1824 1024 1864 Gesta
1054 1823 1412 1863 Normannorum
1445 1823 1700 1880 scripserat,
1731 1839 1754 1864 a

260 1751 312 1791 ad
371 1766 415 1789 se
462 1764 543 1789 con

260 1923 362 1966 rege
394 1904 690 1963 praebendam
718 1904 936 1958 Bayanam
959 1900 1229 1950 obtinuerat,
1257 1899 1514 1957 magistrum
1536 1900 1754 1942 Benedic-

260 1993 349 2025 tum
387 1983 439 2023 de
470 1983 525 2023 5¹0
547 1982 716 2029 Mauro,
748 1979 822 2036 qui
856 1979 899 2018 in
937 1977 1123 2035 gratiam
1164 1976 1344 2017 Henrici
1380 1976 1492 2018 facta
1533 1977 1753 2019 Chronica

259 2061 417 2101 ducum
453 2058 693 2107 enarravit3
727 2054 967 2096 Jordanuni
1002 2053 1305 2094 Hanstomium
1344 2054 1419 2111 qui
1456 2054 1661 2095 victorias
1698 2053 1753 2094 de

262 2139 492 2179 Scotorum
515 2134 654 2192 copiis
683 2133 842 2174 relatas
865 2131 1102 2172 celebravit
1124 2146 1238 2171 anno
1266 2130 1405 2182 ‘11733
1427 2130 1606 2172 tandem
1627 2130 1751 2174 Wal-

257 2214 417 2255 terium
446 2212 689 2268 Mappium‚
715 2212 839 2266 cujus
868 2208 1087 2265 insignem
1116 2223 1348 2264 personam
1377 2207 1618 2266 depingere
1653 2224 1752 2249 mox

258 2291 526 2331 tentabimus
544 2290 571 2328 5.

317 2367 420 2408 Acri
448 2367 581 2423 igitur
610 2364 686 2405 illo
716 2363 895 2421 ingenio
926 2361 1153 2419 praeditus
1183 2361 1299 2419 quod
1322 2360 1514 2402 diximus
1543 2370 1586 2402 et
1613 2362 1756 2403 excul-

257 2453 348 2485 tum
406 2458 500 2483 esse
550 2450 591 2482 et
644 2448 795 2481 natum
849 2440 980 2480 rebus
1031 2438 1232 2497 agendis,
1282 2439 1498 2479 Henricus
1551 2439 1758 2496 cognovit

261 2521 379 2578 (inde
402 2536 489 2560 non
518 2534 670 2575 parum
700 2517 883 2573 prodest
918 2516 1132 2557 historiae
1168 2531 1353 2573 regnum
1383 2515 1521 2573 ejus),
1562 2516 1598 2556 si
1630 2515 1761 2557 vellet

301 2651 329 2681 1.
354 2650 475 2687 Green,
498 2648 581 2678 Hist.
599 2646 721 2688 populi
739 2645 855 2688 Angl„
881 2647 907 2683 I,
928 2657 961 2686 p.
991 2646 1061 2675 119.

300 2699 329 2728 2.
352 2698 470 2732 Green,
497 2695 580 2726 nist.
599 2694 722 2736 populi
739 2693 852 2734 Αιιὸιί.1
878 2694 904 2732 I,
926 2704 960 2733 p.
986 2694 1054 2723 120.

300 2746 329 2773 3.
356 2744 497 2774 Stubbs.
522 2756 550 2773 o.
573 2755 614 2778 (Ἀ,
637 2753 672 2783 p.
696 2742 765 2770 119.

299 2793 327 2821 4.
353 2790 495 2827 stubbs,
520 2802 549 2821 ο.
572 2802 612 2828 c.‚
637 2800 671 2830 p.
698 2789 767 2823 124,
793 2788 862 2819 126.

300 2841 327 2868 5.
353 2838 461 2868 Maria
481 2838 616 2868 fabulas
634 2836 763 2866 dicavit
784 2835 943 2866 Henrico.
