1842 3288
236 297 242 306 ·
275 318 315 348 64
766 319 816 345 DE
849 318 1072 344 WALTERIO
1107 317 1263 344 MAPPlo

276 424 374 450 cere
412 415 633 448 tentamen
664 405 913 446 faciendum
940 404 1007 445 vel
1037 406 1197 445 sactum
1228 404 1280 444 ab
1310 404 1515 453 IIenrico,
1541 414 1586 446 ut
1620 405 1766 447 Ludo-

277 486 414 526 vicum
436 484 512 526 Vll
536 483 589 523 ad
612 498 762 540 pacem
786 481 1020 522 inclinaret
1035 483 1059 521 ¹.
1081 482 1220 521 Grave
1244 496 1347 521 sane
1368 489 1542 538 tempus
1566 491 1608 523 et
1629 498 1768 540 prope

278 570 436 603 nutans
463 560 643 610 solium3
669 560 859 600 Thomas
882 559 1047 600 Becket
1075 558 1550 600 excommunicationes
1578 558 1768 616 ingemi—

279 640 425 686 nabat,
457 639 574 694 Papa
607 637 700 694 ipse
724 638 813 692 jam
849 651 926 677 suo
964 635 1160 691 praelato
1189 634 1455 692 promiserat
1489 634 1657 693 legatos
1694 637 1768 694 qui

280 715 485 774 Angliam
520 730 661 772 poena
692 713 918 754 interdicti
952 712 1193 754 afficerent.
1227 712 1435 764 Quinimo
1469 712 1641 753 nobiles
1681 728 1766 754 non

281 793 409 850 pauci
437 791 746 851 significabant
773 798 1111 847 praecurrentes
1141 805 1338 830 rumores
1374 789 1631 830 rebellionis
1659 805 1769 846 quae

282 884 443 927 paucos
483 877 584 925 post
623 883 795 908 menses
836 867 979 923 reipsa
1021 875 1169 907 exorta
1210 875 1288 907 est.
1334 866 1580 907 Ludovicus
1626 875 1769 908 autem

285 946 507 1003 Septimus
547 953 755 1001 tanquam
796 952 1069 1000 praetextum
1117 943 1295 1000 capiens
1335 943 1541 999 injuriam
1587 943 1673 999 ipsi
1718 944 1771 984 ab

283 1022 590 1080 Andegavensi
624 1036 725 1078 rege
761 1020 942 1069 illatam,
983 1019 1152 1060 scilicet
1185 1020 1284 1076 quia
1319 1021 1604 1078 Margaritam
1640 1020 1771 1060 filiam

284 1099 414 1141 simul
442 1114 539 1140 cum
569 1097 790 1154 Delphino
820 1097 1010 1138 Henrico
1045 1112 1256 1138 coronare
1290 1097 1521 1147 noluisset,
1557 1098 1772 1138 Norman-

286 1178 381 1218 niae
417 1175 692 1216 imminebat.
732 1175 807 1214 His
838 1175 881 1214 in
922 1174 1197 1230 temporibus
1232 1175 1464 1224 Henricus,
1496 1174 1771 1216 interceden-

284 1255 402 1295 tibus
455 1253 521 1293 sui
565 1252 700 1309 legati
746 1252 904 1292 astutia
951 1266 1122 1291 necnon
1163 1260 1206 1291 et
1251 1251 1445 1307 propriis
1486 1251 1658 1307 politici
1696 1252 1777 1292 viri

288 1331 480 1379 dotibus,
524 1329 716 1370 obtinuit
757 1337 818 1377 ut,
857 1328 893 1368 si
933 1329 1026 1384 ipse
1058 1328 1283 1385 pollicitus
1327 1337 1444 1369 esset
1481 1343 1526 1368 se
1567 1344 1776 1384 sponsum

291 1407 481 1465 regalem
518 1415 559 1447 et
592 1422 799 1462 sponsam
839 1405 1121 1464 Margaritam
1160 1405 1290 1445 simul
1324 1414 1635 1446 coronaturum
1663 1421 1775 1453 esse,

292 1484 536 1525 Luclovicus
587 1484 665 1524 VII
711 1483 764 1524 ab
814 1483 1031 1538 incoeptis
1086 1482 1308 1523 bellicosis
1355 1482 1611 1523 desisteret.
1663 1481 1780 1534 Quid

294 1561 447 1602 fecerit
486 1560 727 1604 &Valterius
774 1560 818 1600 in
860 1560 942 1600 hoc
989 1560 1183 1616 negotio,
1226 1559 1411 1602 fatemur
1451 1559 1647 1600 nescire.
1690 1560 1780 1600 Hoc

294 1638 422 1678 modo
456 1647 622 1678 certum
664 1645 862 1693 apparet,
896 1636 1040 1693 ipsum
1082 1645 1147 1676 sat
1177 1635 1451 1678 familiariter
1480 1637 1646 1694 Regem
1679 1635 1780 1676 allo-

293 1724 439 1755 cutum
480 1730 600 1762 esse,
644 1723 691 1755 ut
742 1713 949 1754 Ludovici
994 1714 1071 1754 VII
1118 1729 1353 1769 personam
1395 1713 1522 1754 nobis
1562 1713 1694 1773 longe
1741 1721 1783 1753 et

294 1791 438 1849 lepide
462 1791 705 1848 depingere
733 1790 943 1848 potuerit.

352 1870 445 1910 Non
470 1868 574 1909 licet
596 1867 704 1908 duas
727 1867 1072 1908 historiunoulas
1097 1867 1277 1917 referre,
1310 1868 1469 1924 quibus
1501 1883 1640 1925 aequa
1670 1867 1787 1908 linea

297 1946 445 1986 firmus
471 1945 608 2001 judex
632 1953 674 1985 et
701 1944 1094 1985 christianissimus
1130 1945 1223 1986 Rex
1250 1953 1431 2001 apparet
1456 1945 1492 1985 ²..
1513 1945 1622 1986 Cum
1652 1953 1784 1995 esset,

298 2022 456 2079 inquit,
488 2022 620 2062 homo
643 2029 790 2062 tantae
813 2012 1103 2080 benignitatis
1127 2029 1168 2061 et
1189 2030 1278 2061 tam
1302 2021 1514 2078 simplicis
1538 2029 1789 2062 mansuetu—

299 2099 432 2147 dinis,
473 2107 514 2139 et
543 2097 763 2139 affabilem
801 2114 844 2138 se
879 2098 1037 2154 cuique
1072 2098 1305 2155 praeberet
1338 2098 1538 2154 pauperi,
1575 2106 1663 2138 tam
1699 2097 1788 2137 suis

301 2192 429 2232 quam
464 2175 636 2226 alienis,
673 2183 719 2216 ut
759 2175 900 2231 possit
936 2174 1071 2215 idiota
1105 2174 1261 2226 videri,
1305 2174 1659 2215 districtissimus
1697 2182 1790 2214 erat

297 2252 448 2309 judex,
480 2261 522 2293 et
544 2253 742 2308 justitiae
772 2268 899 2308 saepe
928 2250 1037 2292 flens
1067 2260 1289 2302 executor,
1329 2252 1519 2307 superbo
1547 2250 1719 2309 rigidus
1748 2259 1790 2291 et

304 2330 396 2370 miti
430 2345 515 2369 non
552 2330 692 2385 impar
719 2330 747 2368 ³.
779 2328 1018 2372 Walterius
1054 2329 1259 2385 Mappius
1293 2328 1433 2369 nostri
1468 2329 1584 2386 regis
1619 2327 1790 2369 fervens

302 2406 500 2446 laudator
536 2406 648 2446 sacta
687 2405 896 2446 historica
938 2405 1216 2462 multiplicat.
1262 2406 1457 2446 Jusserat
1493 2404 1680 2462 quadam
1723 2404 1792 2446 die

303 2482 547 2523 Ludovicus
582 2481 803 2523 aedificari
840 2482 1048 2538 palatium
1085 2498 1138 2522 ne
1180 2481 1321 2522 dicam
1356 2482 1569 2539 oppidum
1610 2481 1656 2522 in
1688 2482 1795 2522 urbe

344 2644 373 2673 1.
392 2645 439 2673 De
460 2642 575 2684 Nugzsss,
599 2653 633 2682 p.
661 2642 731 2678 214,
754 2643 826 2672 216.

345 2691 375 2720 2.
399 2691 433 2720 P.
453 2690 524 2726 212,
547 2690 606 2719 213
626 2700 632 2719 2
659 2689 830 2730 quomodo
856 2700 916 2719 rex
936 2700 1085 2730 poenam
1106 2689 1283 2719 remittere
1312 2689 1424 2719 noluit
1441 2688 1565 2719 baroni
1584 2687 1799 2729 praedatori,

304 2736 423 2767 invitis
446 2747 593 2777 sponsae
611 2736 838 2776 dignissimae
860 2736 1022 2777 precibus
1037 2747 1043 2773 ;
1061 2747 1096 2777 p.
1116 2737 1187 2773 214,
1211 2737 1270 2767 215
1295 2747 1301 2766 z
1330 2736 1504 2776 quomodo
1525 2736 1663 2766 cuidam
1683 2746 1800 2766 came-

306 2784 399 2814 rario
420 2784 565 2824 ignovit,
589 2783 686 2824 cujus
708 2785 799 2814 farta
816 2788 896 2814 nota
924 2784 1099 2822 omnihus,
1125 2794 1243 2825 reg-em
1268 2784 1459 2824 benignum
1479 2783 1553 2824 jam
1584 2782 1750 2823 malignis
1777 2792 1798 2812 a

308 2831 562 2862 Parisiensibus
585 2831 733 2871 satyrice
755 2835 933 2861 cantatum
950 2831 1147 2863 affecerant.

351 2881 380 2908 3.
402 2881 447 2909 De
469 2878 587 2919 Ναςίε,
612 2889 646 2919 p.
668 2879 739 2910 212.
