1842 3288
219 332 265 363 70
720 336 769 362 DE
802 337 1024 362 WAL‘rssmo
1060 336 1216 362 MAppio

227 422 414 473 animus,
447 430 707 479 praeparato
742 422 976 462 Ambaciac
1008 421 1245 478 colloquio,
1279 421 1540 464 walterium
1575 423 1719 480 impu-

229 500 373 541 lerunt
410 509 457 540 ut
490 499 573 539 sibi
606 499 858 556 imperaret,
901 514 980 539 nec
1015 499 1191 539 meritas
1228 497 1377 539 laudes
1420 499 1551 540 etiam
1584 499 1722 540 amico

231 577 370 618 sancti
393 575 624 627 Bernardi,
648 575 777 616 etiam
795 575 1155 616 Cistcrcicnsium
1179 574 1313 615 tutori
1337 574 1593 633 denegaret.
1622 577 1721 629 Quo

229 662 447 710 tempore,
482 652 661 693 I‘Ienrici
684 654 827 708 jussu,
859 660 1009 693 sancto
1040 653 1169 692 Petro
1199 651 1419 692 Lemoviei
1448 653 1654 693 comitem
1678 668 1723 693 se

231 730 436 788 praebuit
459 738 499 770 et
523 731 616 785 ejus
645 729 983 770 necessitatibus
1015 729 1251 777 consuluit,
1279 729 1432 769 morbo
1461 744 1547 786 quo
1573 730 1722 785 paucis

232 815 332 864 post
366 807 591 847 mensibus
625 815 773 846 tantus
810 806 874 846 vir
914 806 1172 862 absumptus
1208 814 1288 856 est,
1315 807 1405 862 jam
1440 806 1722 862 opprimeba-

231 885 341 924 tur¹.
367 884 571 924 Attamen
596 883 797 923 eumdem
820 883 1024 939 Mappius
1053 882 1248 923 ostendit
1278 900 1298 921 «
1330 883 1517 923 facetum
1545 891 1587 923 et
1608 881 1722 923 hila-

233 976 325 1001 rem
349 960 393 1000 in
413 960 533 1000 omni
556 975 674 1010 casu,
701 959 827 1000 saciei
855 959 1084 1011 mundum,
1110 959 1356 1000 modestum
1381 967 1423 1000 et
1444 958 1654 1000 humilem
1678 976 1718 999 ».

232 1037 311 1078 Illa
333 1037 448 1094 apud
471 1045 659 1077 ascetam
682 1036 899 1088 hilaritas,
925 1036 997 1077 illa
1021 1037 1064 1077 in
1093 1046 1179 1077 tam
1205 1037 1371 1096 insigni
1391 1036 1485 1078 viro
1508 1035 1722 1077 modestia

229 1123 350 1156 certe
379 1114 548 1171 Mappii
578 1122 768 1155 mentem
795 1114 1065 1154 moverunt?

293 1191 673 1244 Quemadmodum
704 1191 862 1231 missus
904 1190 956 1232 ad
992 1190 1260 1232 Ludovicum
1291 1192 1527 1249 septimum
1555 1190 1726 1248 legatus

234 1284 383 1326 regem
407 1268 530 1309 illum
560 1268 765 1324 Mappius
796 1268 840 1308 in
869 1284 1001 1324 opere
1031 1268 1305 1324 depinxerit3
1338 1267 1725 1324 quemadmodum,

230 1361 331 1386 cum
349 1346 479 1386 Petro
503 1345 555 1386 de
579 1345 835 1386 Tarentesia
852 1345 1072 1385 Lemovici
1097 1353 1409 1396 commoratus,
1431 1343 1549 1386 illius
1572 1344 1728 1403 imagi-

235 1438 336 1463 nem
353 1422 642 1479 cxpresserit3
663 1423 784 1473 item,
804 1437 917 1462 anno
944 1421 1070 1470 1179,
1092 1422 1276 1463 Romam
1299 1421 1524 1478 profectus
1546 1429 1593 1462 ut
1608 1421 1727 1479 lega-

235 1499 356 1540 tione
386 1499 661 1558 fungeretur,
693 1501 969 1539 occasionem
998 1499 1167 1539 invenit
1194 1498 1246 1539 de
1271 1497 1529 1539 Theobaldo
1552 1506 1724 1554 quarto,

232 1576 396 1617 comite
420 1576 699 1632 Campaniae,
728 1576 854 1616 nobis
885 1575 1090 1615 nonnihil
1116 1574 1340 1616 tradendi.
1367 1576 1506 1628 Quam
1533 1574 1727 1616 breviter

236 1652 289 1693 de
306 1653 534 1709 proposito
555 1652 674 1709 quod
696 1653 879 1693 Romam
904 1652 1048 1693 eundo
1072 1652 1277 1693 studebat
1299 1653 1492 1709 assequi,
1510 1651 1726 1709 loquitur,

234 1739 323 1771 tam
359 1729 452 1770 fuse
481 1729 617 1770 tradit
649 1729 869 1786 colloquia
906 1745 1016 1786 quae
1046 1745 1143 1770 cum
1179 1729 1425 1770 Theobaldi
1454 1729 1601 1787 quarti
1627 1728 1729 1770 filiis

238 1807 408 1857 habuit,
440 1806 630 1847 Henrico
659 1807 820 1863 primo,
850 1807 1114 1863 Campaniae
1147 1807 1325 1859 comite,
1358 1806 1533 1864 hospite
1563 1822 1657 1856 suo,
1689 1814 1731 1846 et

239 1884 477 1925 Guilielmo
513 1884 623 1924 albis
665 1884 885 1936 manibus,
918 1884 1032 1925 unde
1068 1884 1214 1925 hausit
1252 1883 1472 1941 quidquid
1512 1883 1566 1924 de
1607 1892 1731 1941 patre

238 1961 405 2002 retulit.
444 1961 582 2013 Alter,
618 1961 684 2001 vir
718 1961 843 2017 equis
879 1961 1053 2011 habilis,
1094 1961 1138 2001 in
1176 1961 1414 2018 largitione
1449 1959 1645 2010 effusior,
1686 1969 1733 2001 ut

241 2039 335 2094 ipse
370 2037 669 2086 Theobaldus,
705 2038 852 2079 dicere
886 2038 1055 2079 solebat
1087 2055 1094 2078 ε
1130 2038 1260 2079 «Ubi
1295 2038 1444 2079 deficit
1481 2037 1600 2095 quod
1638 2037 1733 2078 dari

239 2115 398 2172 possit,
423 2115 485 2155 ibi
506 2115 721 2156 terminus
744 2124 810 2156 est
831 2115 1071 2173 largitatis3
1096 2130 1185 2155 non
1208 2123 1274 2156 est
1296 2115 1513 2173 largitatis
1538 2115 1733 2171 turpiter

243 2208 452 2249 quaerere
482 2192 599 2249 quod
622 2191 717 2232 dari
740 2193 879 2248 possit
908 2208 953 2243 »3
986 2191 1191 2248 Mappius
1224 2200 1384 2243 autem,
1416 2191 1565 2232 audito
1594 2191 1731 2232 facete

240 2269 360 2309 dicto
375 2270 404 2320 ³,
431 2269 520 2309 risu
547 2269 859 2310 emoriebatur.
884 2269 1023 2320 Alter,
1050 2269 1338 2310 Carnutensis
1367 2269 1602 2326 episcopus
1630 2277 1730 2309 ante

239 2354 429 2387 aetatem
457 2345 613 2397 factus,
636 2354 855 2386 annuente
883 2345 1135 2387 Alexandro
1162 2345 1293 2386 tertio
1321 2353 1369 2386 ut
1390 2345 1563 2404 legibus
1593 2345 1734 2386 solve-

243 2431 364 2464 retur
382 2423 407 2473 '*,
458 2431 576 2463 arcta
627 2422 857 2481 religionis
905 2423 1182 2463 observantia
1229 2438 1274 2462 se
1321 2422 1645 2481 obstringebat,
1687 2429 1735 2462 ut

241 2508 382 2556 pater.
402 2501 500 2542 Non
521 2500 655 2541 semel
670 2499 886 2544 XValterio
903 2501 1095 2540 narravit
1117 2499 1311 2540 nobilem
1328 2499 1561 2556 quemdam
1575 2499 1733 2550 virum,

287 2658 315 2688 1.
336 2658 491 2688 Mortuus
514 2661 567 2688 est
587 2668 676 2688 anno
695 2657 787 2697 1174,
810 2658 844 2687 in
866 2656 1077 2687 monasterio
1097 2657 1139 2687 de
1162 2657 1313 2687 Pulchra
1340 2656 1450 2696 Valle,
1472 2666 1582 2696 prope
1604 2656 1739 2685 Vesun-

244 2705 388 2736 tionem.

287 2754 316 2784 2.
340 2754 473 2783 Lectori
494 2764 615 2793 parco.
637 2753 798 2783 omittens
822 2752 889 2782 tria
915 2752 1085 2782 miracula
1105 2764 1123 2782 a
1145 2752 1287 2792 Mappio
1309 2756 1465 2782 narrata.

288 2803 317 2832 3.
339 2803 385 2830 De
404 2801 519 2843 Xltgz's,
540 2812 575 2841 p.
597 2801 666 2833 216.
695 2801 755 2831 lin.
781 2801 831 2837 ¹13,
858 2801 907 2831 1⁷4.

286 2849 318 2879 4.
344 2848 432 2878 Gall.
458 2848 593 2882 Flzrist..
619 2853 644 2879 t.
668 2849 755 2884 vlu,
779 2859 813 2888 p.
840 2849 928 2879 1143.
946 2866 983 2869 —
1005 2848 1099 2888 Papa
1117 2847 1289 2877 concessit
1310 2852 1347 2877 ut
1370 2858 1432 2887 per
1454 2847 1605 2887 quinque
1629 2855 1742 2876 annos

245 2906 314 2926 non
339 2901 612 2928 consecraretur.
