1842 3288
196 309 255 339 184
693 315 743 340 DE
776 314 1000 340 WALTEmO
1035 314 1192 340 MAPPIO

199 414 366 439 morum
406 399 753 455 corruptionem,
794 415 841 440 ea
875 401 963 455 jam
998 414 1135 455 prope
1177 399 1228 439 ab
1264 400 1389 441 annis
1425 400 1689 458 nonagentis

199 475 360 516 existit.
388 476 479 515 Jam
496 476 769 532 temporibus
792 476 976 532 Mappii,
997 475 1195 531 jucundo
1219 491 1494 518 nummorum
1519 477 1688 534 fulgore

199 553 286 592 sive
308 551 400 592 laus
424 551 644 601 militaris,
671 553 760 593 sive
784 552 941 593 mentis
964 552 1137 593 labores
1166 552 1515 595 obscurabantur
1540 570 1548 594 :

433 669 561 704 Adora
576 671 784 715 pecuniam,
809 671 872 716 qui
895 671 987 704 deos
1007 671 1167 703 adoras:

436 725 513 759 Cur
529 727 646 759 struis
669 726 856 759 armaria?
878 739 944 759 cur
958 726 1080 760 libros
1102 726 1291 760 honoras?

436 781 585 827 Longas
608 783 662 815 fac
681 783 838 815 Parisiis
862 783 918 816 vel
938 782 1096 816 Athenis
1120 794 1265 821 moras;

438 839 477 872 Si
499 839 589 871 nihil
615 839 802 878 attuleris,
826 838 913 878 ibis,
940 839 1116 877 Homero,
1142 839 1257 872 foras.

201 948 292 988 Jam
343 945 615 1002 temporibus
672 946 863 1002 Mappii,
919 946 1103 1002 pecunia
1163 945 1407 986 candidatis
1465 945 1690 987 victoriam

200 1023 403 1079 parabat;
435 1022 586 1063 eadem
609 1021 866 1062 mulieribus
887 1023 1130 1063 venustatis
1153 1023 1340 1079 palmam
1364 1021 1656 1079 pollicebatur
1679 1038 1686 1063 :

476 1167 477 1170 ,
946 1162 1014 1167 .....
1040 1135 1224 1179 (pecunia)

460 1192 500 1224 In
522 1190 770 1225 electionibus
792 1191 914 1236 prima
936 1192 1078 1234 grande
1103 1198 1222 1230 sonat,

460 1247 691 1281 Inthronizat
713 1247 925 1292 praesules,
949 1248 1047 1280 dites
1070 1248 1314 1292 iinpersonat,

462 1304 507 1337 Et
529 1316 646 1349 genus
668 1311 703 1337 et
726 1304 883 1337 formam
904 1304 1033 1349 regina
1055 1304 1214 1348 pecunia
1235 1304 1381 1337 donat¹.

203 1412 293 1452 Jam
335 1410 611 1467 temporibus
657 1411 841 1468 Mappii,
890 1410 1101 1467 pecuniae
1151 1410 1311 1451 ardens
1359 1409 1430 1451 illa
1473 1410 1694 1467 cupiditas

203 1504 353 1529 omnes
374 1488 563 1537 vitiarat,
590 1488 696 1544 quin
720 1497 762 1528 et
788 1488 927 1544 ipsam
957 1487 1119 1528 curiam
1146 1487 1363 1544 papalem.

462 1607 579 1640 Roma
601 1606 699 1640 datis
721 1606 858 1651 opibus
880 1607 916 1638 in
938 1613 1122 1639 tumorem
1143 1607 1291 1645 crescit,

463 1663 508 1696 Et
530 1675 603 1708 quo
625 1662 710 1707 plus
732 1663 930 1701 infuderis,
955 1663 1075 1706 magis
1098 1663 1347 1698 intumescit2.

267 1810 273 1815 .
305 1775 371 1816 Ad
399 1792 504 1832 opes
534 1791 632 1816 suas
661 1775 900 1835 augendas,
931 1784 1043 1817 teste
1070 1775 1268 1832 Mappio,
1298 1775 1408 1816 nihil
1434 1791 1521 1816 non
1551 1785 1695 1817 tenta-

203 1854 309 1894 bant
350 1852 620 1902 cardinales3
658 1852 732 1909 qui
772 1853 915 1909 pretio
956 1853 1132 1909 nuptias
1169 1852 1420 1903 solvebant;
1463 1853 1506 1894 in
1541 1853 1694 1895 litibus

204 1929 464 1971 dirimendis
497 1946 618 1970 suam
642 1929 1040 1986 jurisprudentiam
1074 1930 1217 1970 aureis
1249 1929 1546 1980 illustrabant,
1579 1939 1622 1972 et
1648 1930 1693 1972 in

204 2007 425 2064 episcopis
448 2007 650 2047 creandis
673 2006 834 2047 tinnitu
859 2023 880 2047 e
902 2006 1137 2063 marsupiis
1160 2015 1256 2047 orto
1284 2007 1551 2066 regebantur
1576 2024 1584 2048 :

465 2126 581 2159 Roma
600 2125 712 2158 solvit
733 2125 883 2170 nuptias
906 2132 1035 2158 contra
1057 2132 1186 2158 nutum
1201 2126 1283 2164 Dei,

466 2182 652 2215 Pervertit
665 2182 861 2226 judicium,
886 2182 986 2215 fovet
1002 2188 1148 2226 partem
1167 2182 1303 2221 rei;....

463 2267 637 2310 Eligendi
665 2267 855 2312 praesulis
878 2267 1053 2313 quotiens
1076 2267 1116 2300 fit
1138 2267 1291 2306 mentio,

464 2323 506 2356 In
521 2324 655 2368 primis
678 2324 883 2369 inquiritur
905 2336 988 2357 cum
1010 2331 1149 2368 quanto
1172 2324 1366 2368 marsupio

463 2380 653 2413 Interesse
675 2380 815 2425 poterit
837 2380 1002 2413 Romano
1025 2379 1197 2417 concilio,

464 2436 512 2469 Et
530 2436 580 2470 ita
602 2437 647 2469 de
667 2436 837 2470 moribus
857 2436 958 2469 nulla
979 2437 1042 2469 fiet
1064 2436 1236 2482 quaestio
1246 2442 1271 2470 3.

266 2543 382 2596 Quid
417 2543 573 2584 mirum
603 2544 639 2584 si
674 2543 872 2600 episcopi
909 2544 1077 2584 artibus
1107 2542 1269 2583 talibus
1305 2551 1346 2583 et
1381 2542 1580 2584 Ecclesia
1610 2552 1698 2584 tam

205 2619 404 2678 indignis
438 2620 582 2669 electi,
617 2621 660 2661 in
697 2621 952 2661 memoriam
982 2620 1208 2661 hominum
1244 2628 1522 2677 mentemque
1558 2620 1698 2677 ipsius

249 2773 277 2802 1.
298 2775 471 2808 Poemata,
495 2783 529 2813 p.
553 2773 625 2803 157.

249 2820 277 2850 2.
300 2820 402 2858 Jbid„
419 2831 453 2860 p.
475 2820 547 2850 156.

250 2868 280 2897 3.
299 2866 399 2903 Ibid„
419 2878 453 2908 p.
477 2868 547 2897 156.
