1873 3329
413 289 715 316 FABULOSARUM
752 289 1057 316 NAnnATioNUM
1093 289 1322 315 SCRIPTORE
1562 285 1622 314 ¹23

129 391 234 418 sane
271 375 507 416 meditatur
545 391 655 432 opus
690 375 866 431 exigere
903 375 944 414 in
979 390 1065 430 quo
1104 373 1214 414 nihil
1253 374 1335 415 nisi
1370 373 1422 414 ad
1456 373 1623 414 litteras

129 452 369 510 pertineat,
406 467 502 492 cum
546 451 782 491 inediocris
821 450 987 507 ingenii
1025 449 1229 490 conscius
1261 450 1316 490 sit
1351 451 1377 500 ¹,
1415 450 1489 489 sed
1522 451 1626 490 totis

135 529 302 570 viribus
327 528 433 569 eniti
463 537 510 569 ut
532 543 681 569 verum
711 526 840 568 latius
862 535 1022 582 pateat,
1050 534 1095 566 ut
1121 526 1283 566 bonum
1306 526 1434 566 latius
1463 526 1628 567 diffun-

137 605 282 655 datur,
312 614 353 646 et
376 605 476 662 quia
504 605 678 661 saepius
707 602 894 643 affirmat
920 602 1003 643 sibi
1028 603 1206 643 insitum
1235 618 1330 643 esse
1361 603 1505 643 animo
1538 619 1624 643 non

135 691 304 723 tantum
337 698 502 723 summa
543 680 772 737 diligentia
809 696 878 720 res
914 679 1156 720 narrandas
1190 680 1466 736 perpendere
1488 682 1515 728 ⁸²,
1548 681 1623 720 sed

133 759 264 800 etiam
289 767 332 799 ut
357 758 464 799 levis
488 757 631 798 sabula
656 757 698 797 in
721 772 851 815 grave
880 765 1164 839 PrssCCCP'QJU
1191 756 1362 816 desinat
1383 757 1410 802 ³,
1438 765 1625 815 propter

1196 819 1229 849 f

126 834 379 891 hujusmodi
413 833 672 891 religionem
705 833 832 874 nobis
861 834 1158 874 veneratione
1187 818 1621 898 Lvidignissinmsjde-

129 920 216 953 tur.
1069 905 1091 916 Ἰ
1514 888 1582 922 Ἃ

190 988 294 1029 Inde
337 987 384 1028 fit
416 995 464 1028 ut
501 987 616 1027 iuter
651 1002 696 1028 se
732 986 998 1027 cohaereant
1040 995 1081 1027 ct
1121 987 1244 1043 quasi
1283 986 1450 1043 aliquid
1492 1003 1624 1028 unum

127 1073 371 1122 appareant
397 1063 582 1105 fabellae
605 1080 626 1104 e
655 1063 816 1120 quibus
846 1072 1022 1104 constat
1046 1063 1160 1104 liber
1180 1064 1245 1104 De
1265 1064 1422 1120 szgc's.
1455 1065 1501 1104 In
1534 1063 1626 1121 plu-

128 1142 235 1183 rima
259 1150 402 1183 autem
428 1141 568 1198 capita
593 1139 760 1197 duplici
783 1140 836 1181 de
860 1156 990 1181 causa
1013 1140 1239 1192 dividitur,
1265 1140 1434 1181 scilicet
1454 1149 1624 1197 tempo-

128 1219 250 1260 ribus
273 1217 459 1259 diversis
483 1217 675 1274 scriptus
698 1225 779 1269 est⁷
802 1225 845 1258 et
862 1216 1010 1258 multis
1034 1232 1055 1258 e
1079 1217 1274 1258 sontibus
1297 1226 1484 1258 emanat.
1510 1217 1623 1258 Ante

125 1295 288 1344 omnia,
314 1295 350 1336 si
373 1294 472 1352 quis
494 1295 602 1335 haec
633 1302 838 1351 excerpta
869 1294 972 1335 satis
997 1293 1237 1352 diligenter
1259 1294 1432 1352 legerit,
1459 1295 1621 1335 sensim

126 1373 316 1414 crevisse
359 1380 640 1429 perspectum
687 1371 883 1412 habebit.
934 1372 982 1412 In
1023 1372 1165 1428 primo
1207 1371 1323 1413 enim
1360 1371 1581 1413 volumine
1609 1373 1622 1392 '⁴

126 1433 308 1531 cfflptac
331 1466 353 1490 a
376 1448 587 1491 Saladino
610 1448 957 1506 Hierosolymae,
976 1457 1185 1506 tanquam
1208 1450 1398 1490 recentis
1422 1458 1618 1499 eventus,

128 1527 395 1567 mentionem
430 1525 534 1567 facit
560 1524 734 1582 (1187);
771 1526 815 1566 in
846 1534 1019 1582 quarto,
1050 1534 1143 1566 tum
1171 1526 1351 1566 Lucium
1381 1526 1543 1583 Papam
1577 1526 1621 1566 in

128 1604 272 1645 locum
307 1602 550 1644 Alexandri
587 1602 708 1644 tertii
743 1603 874 1644 modo
915 1603 1181 1644 successisse
1203 1604 1216 1624 ⁵
1252 1602 1413 1659 (1182),
1450 1611 1542 1644 tum
1577 1619 1621 1644 se

127 1680 261 1721 natali
284 1680 354 1722 die
383 1680 523 1721 sancti
545 1681 772 1721 Barnabae
801 1680 995 1721 scribere
1017 1681 1046 1731 ⁶,
1079 1696 1163 1737 qua
1191 1678 1424 1721 defunctus
1453 1688 1520 1721 est
1546 1695 1623 1721 rex

125 1757 341 1798 Henricus
376 1756 520 1798 adhuc
550 1757 725 1813 juvenis
758 1757 849 1813 (ΧΙο
875 1756 991 1813 junii
1032 1756 1185 1811 1182);
1228 1757 1273 1797 in
1307 1772 1393 1797 uno
1427 1756 1618 1814 denique

124 1833 266 1891 capite
294 1833 438 1875 ultimi
459 1833 692 1875 voluminis
715 1835 743 1882 ⁷,
774 1834 960 1890 primum
994 1834 1174 1875 Henrici
1201 1833 1383 1874 secundi
1412 1841 1616 1885 mortem,

124 1910 285 1952 deinde
307 1926 357 1952 ea
384 1926 494 1967 quae
523 1911 567 1951 in
591 1910 811 1951 palestina
835 1910 1043 1962 Ricardo,
1069 1910 1140 1951 cui
1164 1911 1249 1952 Cor·
1270 1911 1427 1952 Leonis
1448 1926 1618 1967 cogno-

125 2004 223 2029 men
255 1996 363 2039 erat,
389 1996 646 2036 evenerunt,
677 1996 1012 2037 commemorat3
1043 1995 1198 2045 postea
1227 1987 1407 2029 Henrici
1437 1987 1620 2028 secundi

125 2080 268 2106 mores
291 2063 464 2122 effingit
486 2072 528 2105 et
548 2065 643 2121 ipsa
664 2064 799 2105 totius
822 2065 1034 2106 orationis
1058 2080 1288 2123 compage,
1313 2073 1356 2105 et
1378 2064 1617 2121 praesenti,

124 2158 211 2199 quo
257 2141 411 2193 utitur,
449 2149 648 2197 tempore
695 2141 883 2182 innuens
930 2141 1074 2198 ipsum
1121 2140 1264 2182 adhuc
1311 2141 1471 2190 vivere,
1521 2157 1617 2182 cum

126 2219 296 2260 scribit.
325 2218 372 2260 Si
402 2234 557 2276 parum
585 2219 870 2267 conveniunt,
903 2218 1145 2259 secundum
1173 2227 1389 2275 tempora,
1420 2218 1618 2259 diversae

126 2303 290 2351 parteS,
321 2311 374 2336 ex
403 2295 486 2336 hoc
517 2294 643 2336 facile
673 2295 937 2353 intelligitur
971 2295 1090 2352 quod
1123 2294 1268 2336 minus
1300 2294 1543 2355 diligenter
1575 2295 1619 2336 in

127 2387 261 2413 unum
303 2371 486 2413 collecta
523 2381 625 2413 sunt
660 2372 779 2413 varia
811 2372 1056 2431 fragmenta
1090 2372 1193 2413 libri
1228 2390 1249 2412 «
1288 2387 1434 2430 quem,
1476 2381 1521 2413 ut
1562 2372 1622 2412 ait

125 2457 294 2499 auctor,
332 2449 376 2490 in
407 2448 526 2490 curia
564 2450 680 2507 regis
718 2449 897 2491 chrici
929 2450 1089 2506 raptim
1119 2449 1324 2491 annotavi
1361 2458 1403 2490 et
1434 2466 1455 2490 a
1490 2448 1622 2490 corde

167 2564 197 2594 1.
219 2565 266 2594 De
283 2562 401 2605 Nugis,
418 2574 454 2603 p.
473 2564 544 2596 107.

165 2612 195 2642 2.
218 2611 318 2646 Ιὸι”(ἷ.,
341 2622 375 2651 p.
393 2612 443 2647 57,
465 2611 536 2641 21⁵2.

172 2660 204 2690 3.
225 2657 326 2694 mid„
346 2668 380 2698 p.
403 2658 453 2695 19,
474 2659 545 2689 123,

166 2706 198 2737 4.
219 2705 307 2735 Dist.
329 2705 367 2740 1²,
390 2716 467 2745 cap.
491 2706 540 2736 15.

167 2754 198 2783 5.
222 2752 309 2783 Dist.
331 2753 386 2789 11²,
406 2763 484 2793 cap.
505 2753 536 2782 2.

166 2800 198 2830 6.
220 2798 322 2835 Ιόἰᾶ.,
342 2810 419 2840 cap.
444 2800 475 2830 1.

170 2847 200 2878 7.
223 2846 311 2878 Dist.
330 2847 380 2883 W,
401 2857 478 2888 cap.
501 2847 531 2878 2.
