1842 3288
248 305 306 334 142
744 308 794 332 ΒΕ
828 308 1050 333 WALTEMO
1087 309 1241 333 ΜΑΙίἰο

249 395 378 444 nivei,
410 393 523 433 villis
547 392 660 433 rosei
684 392 846 433 coloris
870 392 1121 443 distinctos,
1148 392 1277 433 altius
1308 410 1402 435 sese
1425 396 1624 453 erigente
1647 412 1740 438 cae-

249 471 367 511 rulea
390 470 726 527 Apenninorum
758 469 870 510 mole
894 470 1111 511 illustrata
1142 470 1250 522 sole,
1283 469 1383 511 dum
1414 472 1546 513 valles
1582 489 1741 531 argen-

249 548 329 588 teis
360 546 540 587 maculis
570 546 751 586 irradiat
783 562 790 585 ε
824 547 1012 603 scriptae
1042 556 1184 587 autem
1216 556 1333 596 sunt,
1359 563 1475 589 nunc
1513 550 1554 589 in
1586 565 1743 591 conca-

250 625 425 665 meratis
471 623 761 679 obscurisque
795 623 1072 664 normannici
1107 624 1276 665 castelli
1311 624 1509 673 aedibus,
1546 642 1661 668 nunc
1697 628 1738 668 in

249 700 449 741 monachi
479 699 604 748 cella,
630 716 650 740 a
674 699 852 751 clerico,
877 701 946 740 cui
969 700 1091 741 cordi
1121 710 1214 742 crat
1243 717 1343 741 suos
1368 710 1410 742 et
1438 702 1672 751 delectare,
1700 713 1742 745 et

249 778 432 818 reddere
453 777 674 828 meliores,
694 776 794 817 dum
813 777 953 818 imber
976 778 1093 818 cadit
1109 778 1418 829 densissimus,
1444 779 1546 819 dum
1571 781 1738 837 ingenti

248 855 438 895 stridore
454 862 610 895 ventus
628 853 835 894 desaevit.
857 855 951 896 Non
970 864 1115 895 tamen
1134 856 1314 895 omnino
1332 864 1423 896 arte
1440 865 1592 897 carent
1606 875 1615 907 3
1631 866 1740 898 et-—-

247 933 379 982 enim,
409 933 444 972 si
476 948 563 971 non
599 939 769 972 exstant
801 948 942 989 neque
975 932 1167 973 eminent
1196 932 1388 990 effigies3
1420 933 1454 973 si
1489 934 1559 974 vix
1585 934 1740 975 adum-

247 1009 395 1049 bratae
419 1017 519 1049 sunt
542 1008 705 1057 lineae;
727 1009 778 1055 si,
799 1009 972 1065 quoties
1002 1025 1025 1050 a
1046 1010 1275 1066 proposito
1299 1010 1548 1067 digreditur
1570 1020 1736 1060 auctor,

247 1102 419 1142 semper
452 1086 491 1126 in
524 1085 638 1126 idem
668 1085 843 1134 recidit,
875 1095 916 1126 at
951 1086 1102 1126 saltem
1148 1086 1344 1127 animose
1382 1097 1543 1138 narrat,
1580 1089 1741 1129 acriter

245 1162 549 1220 colloquentes
572 1178 784 1219 personas
809 1162 994 1213 inducit,
1015 1171 1056 1203 et
1080 1162 1133 1203 ad
1158 1179 1299 1204 mores
1318 1164 1510 1206 intendit
1529 1165 1738 1205 animum.

304 1240 421 1292 Quid
451 1240 503 1281 de
526 1240 733 1280 Italorum
765 1249 1057 1281 mercatorum
1087 1241 1275 1281 amicitia
1306 1242 1500 1282 evenerit
1528 1243 1738 1283 amoenis

199 1341 209 1350 α
243 1318 353 1357 sime
390 1326 535 1357 narrat
572 1318 793 1373 Mappius,
826 1317 934 1357 adeo
964 1317 1096 1358 alacri
1126 1326 1167 1358 et
1197 1317 1312 1358 sacili
1341 1317 1507 1359 calamo
1535 1320 1736 1376 scripsit!

245 1395 489 1451 Coiijuncte
528 1395 740 1444 viventes,
772 1410 877 1449 opes
919 1395 1046 1434 ambo
1089 1409 1267 1451 magnas
1304 1405 1633 1452 congesserant.
1677 1398 1739 1437 Ex

245 1487 331 1527 quo
355 1480 498 1511 autem
529 1470 686 1511 divites
715 1471 817 1511 sacti
840 1479 958 1518 sunt,
986 1470 1094 1511 alter
1114 1470 1295 1511 alteram
1317 1471 1429 1511 viam
1453 1481 1627 1513 secutus
1654 1482 1735 1524 est,

244 1564 323 1588 nec
348 1549 437 1604 jam
462 1547 659 1588 eamdem
684 1548 835 1587 urbem
854 1547 1151 1594 incoluerunt,
1175 1548 1363 1603 abrupto
1386 1547 1563 1590 foedere
1586 1551 1738 1591 amici-

242 1625 343 1665 tiae.
367 1624 552 1682 Negavit
571 1624 699 1664 etiam
727 1624 827 1664 Ollo
851 1640 896 1664 sc
920 1625 1087 1681 petenti
1112 1625 1272 1665 Scevae
1296 1624 1499 1666 daturum
1523 1642 1617 1667 esse
1634 1627 1738 1668 hos-

243 1702 418 1758 pitium,
460 1717 611 1741 causas
652 1709 913 1757 praetexens
954 1701 1261 1742 necessitatem
1309 1710 1526 1743 mercatus
1566 1712 1607 1743 et
1647 1704 1739 1745 ins-

242 1787 405 1819 tantem
429 1777 691 1819 absentiam.
724 1778 779 1818 At
809 1779 960 1826 Sceva,
988 1778 1106 1818 nulla
1134 1778 1303 1818 ratione
1326 1779 1493 1830 habita,
1518 1781 1740 1837 quomodo

241 1857 371 1896 vitam
421 1855 520 1896 0110
562 1855 723 1913 degere
772 1855 910 1895 soleat
954 1854 1154 1912 inquirit,
1200 1863 1241 1895 et
1287 1856 1409 1896 brevi
1456 1856 1600 1912 pulsat
1645 1859 1739 1914 ejus

241 1932 374 1983 fores,
425 1932 671 1989 deprecans
719 1941 765 1972 ut
812 1932 895 1972 sibi
945 1933 1209 1988 praebeatur
1256 1933 1515 1989 hospitium.
1561 1951 1582 1973 «
1632 1936 1740 1976 Sus-

242 2010 420 2066 cipitur,
448 2018 488 2050 et
521 2025 608 2050 non
644 2018 709 2050 est
742 2025 896 2066 passus
932 2018 978 2049 ut
1013 2018 1219 2050 contenta
1256 2010 1312 2050 sit
1350 2026 1423 2051 sua
1458 2010 1525 2051 vel
1565 2011 1739 2052 Ollonis

240 2086 404 2127 familia
441 2087 509 2127 his
544 2102 653 2143 quae
691 2086 975 2143 reperiuntur
1015 2087 1057 2126 in
1100 2087 1380 2127 facultatibus
1416 2086 1585 2128 domus.
1627 2089 1734 2130 Cum

242 2164 402 2204 multae
425 2164 512 2204 sint
529 2172 667 2212 extra,
689 2164 817 2220 jubet
837 2163 989 2219 quaeri
1007 2163 1188 2204 delicias
1213 2164 1312 2213 sibi,
1333 2166 1542 2220 utjaetat,
1562 2165 1732 2214 solitas,

241 2250 283 2281 et
310 2249 396 2281 tam
428 2240 705 2297 splendidam
727 2249 904 2297 tamque
927 2239 1178 2281 affluentem
1204 2256 1384 2281 coenam
1414 2250 1648 2298 praeparat
1681 2241 1734 2283 de

241 2318 439 2374 proprio,
472 2326 516 2358 ut
539 2317 583 2358 in
606 2317 898 2358 admiratione
922 2318 1052 2357 etiam
1074 2317 1319 2358 vicinorum
1337 2318 1497 2359 veniat.
1527 2319 1665 2360 Vocat
1691 2319 1733 2359 in

239 2393 334 2434 foro
358 2402 539 2442 stantes,
565 2402 846 2435 transeuntes
870 2394 1047 2444 retinet,
1074 2402 1116 2434 et
1137 2403 1303 2435 tantam
1326 2393 1514 2435 effundit
1535 2395 1733 2435 ciborum

240 2480 282 2512 et
309 2480 439 2528 potus
463 2472 633 2528 copiam
658 2479 811 2511 uttam
844 2487 951 2511 uxor
981 2470 1155 2511 Ollonis
1184 2487 1312 2527 quam
1343 2487 1496 2513 omnes
1523 2472 1596 2513 alii
1619 2488 1736 2513 sem-

238 2549 457 2605 piternam
475 2556 629 2604 optent
652 2547 824 2588 Ollonis
843 2548 1087 2592 absentiam
1105 2556 1146 2588 et
1168 2548 1464 2604 praesentiam
1490 2549 1689 2590 Scevae¹.
1708 2566 1729 2587 »

239 2626 402 2665 Tantae
424 2633 567 2665 autem
591 2624 872 2665 admirationi
903 2623 1059 2664 domus
1089 2624 1182 2680 ipsa
1211 2624 1389 2665 domina
1424 2640 1510 2666 non
1547 2625 1733 2675 resistit,

238 2710 279 2742 et
316 2701 437 2742 brevi
471 2710 637 2742 amatus
680 2702 816 2742 Sceva
853 2701 896 2741 in
937 2701 1067 2741 thoro
1103 2700 1297 2741 succedit
1331 2701 1496 2742 Olloni.
1534 2700 1730 2753 Quadam

276 2874 305 2905 1.
328 2875 372 2903 De
397 2872 516 2914 Nugis,
538 2882 572 2912 p.
601 2872 670 2901 191.
