1873 3329
383 315 483 340 lunc
494 315 617 340 LOSAn
627 317 648 340 Γ
658 317 683 340 Μ
721 317 798 341 NAti
809 317 988 341 inATioxr
998 317 1022 341 M
1061 317 1130 342 sca
1140 319 1147 342 Ι
1157 319 1260 342 Pron
1271 318 1290 342 Ι·’,
1535 314 1589 343 135

103 408 194 440 tere
221 409 477 457 coeperunt.
506 400 771 441 Vutnvribus
795 400 1024 441 confussus
1046 418 1140 441 eum
1169 402 1237 442 illa·
1263 403 1356 442 sine
1380 403 1585 445 elamore.

102 477 197 517 sine
232 477 396 533 gemitu
435 477 678 533 impavidus
715 486 865 521 staret,
905 477 990 517 dux
1028 480 1386 522 Sarracenorum,
1427 489 1587 520 tantam

103 553 403 593 fortitudinem
425 554 618 596 miratus.
640 555 855 610 captivum
879 570 898 592 e
925 553 1023 609 palo
1047 554 1218 594 detrahi
1237 564 1278 595 et
1303 555 1442 613 plagis
1465 557 1590 596 adbi—

101 630 194 670 beri
224 630 511 671 medicamina
531 631 676 685 jussit.
708 632 914 671 Sanatum
945 631 996 670 ad
1021 648 1121 671 suos
1150 632 1333 681 dimisit,
1361 651 1406 673 ea
1437 634 1590 673 eondi-

100 707 219 747 tione
252 715 295 746 ut
330 723 351 746 e
389 707 643 748 Sarracenis
678 706 891 747 militibus
923 723 1073 753 unum,
1106 709 1189 748 sibi
1224 710 1516 756 carissimum,
1549 719 1587 751 et

99 799 120 823 a
157 783 418 839 'l'einplariis
446 792 637 840 captum,
676 785 851 824 mutatis
889 784 1073 825 invicem
1105 784 1277 833 ollieiis,
1316 786 1586 827 1·‹·d‹l‹=ndum

100 869 226 916 paeto
254 869 450 918 tempore
478 869 667 901 curaret.
696 862 869 918 lugenti
895 861 1046 918 plausu
1080 863 1273 903 omnium
1305 879 1438 920 eques
1471 864 1588 904 exei-

99 937 232 993 pitur,
270 937 368 985 sed,
407 936 552 977 audita
587 937 819 978 Sarraceni
859 947 1020 987 moi-te,
1065 938 1219 980 fratres
1255 940 1463 980 admonet
1503 941 1585 980 sibi

98 1030 191 1054 esse
233 1013 481 1054 abeundum
521 1022 581 1064 ut,
626 1013 696 1054 die
743 1014 876 1063 dicta,
922 1015 1112 1056 vinculis
1159 1016 1315 1057 iterum
1360 1026 1583 1058 oneretur.

99 1108 119 1128 «
146 1090 391 1131 Prohibent
419 1091 501 1131 hoc
531 1090 624 1131 fieri
656 1107 731 1131 rex
754 1100 796 1132 et
825 1100 962 1132 totum
988 1093 1297 1133 universaliter
1321 1110 1522 1152 regnum,
1546 1103 1587 1135 et

96 1166 345 1208 absolutum
385 1183 405 1207 a
441 1168 689 1224 patriarcha
725 1167 941 1217 detinent,
982 1169 1154 1218 missas,
1193 1169 1512 1227 eleemosynas,
1547 1181 1589 1212 et

97 1243 313 1300 quidquid
360 1243 412 1284 ad
466 1244 719 1300 hujusmodi
769 1244 1121 1302 redemptionem
1175 1247 1354 1303 profuse
1404 1248 1589 1303 promit-

96 1329 254 1362 tentes.
284 1338 304 1358 »
329 1321 456 1361 Circa
479 1320 654 1362 domum
679 1322 885 1362 excubiae
915 1331 1120 1381 aguntur,
1144 1339 1197 1363 ne
1220 1324 1449 1380 promissis
1474 1333 1587 1365 stare

97 1406 261 1455 posset.
290 1398 399 1438 Tum
429 1397 518 1446 ille,
550 1398 619 1438 vix
647 1398 780 1439 animi
808 1414 1006 1456 compos,
1038 1399 1090 1440 ad
1120 1399 1269 1441 dolum
1301 1402 1517 1459 confugit,
1545 1417 1588 1442 se

96 1475 150 1515 ab
186 1474 362 1530 incepto
396 1473 611 1516 desistere
652 1474 860 1525 affirmat,
900 1475 977 1516 sed
1019 1494 1039 1514 «
1077 1485 1205 1517 nocte
1240 1478 1441 1534 sequenti
1476 1478 1586 1518 viam

98 1550 270 1607 arripit,
290 1560 500 1608 properat
514 1552 618 1592 totis
640 1551 807 1592 viribus
830 1568 881 1592 ne
898 1553 1197 1594 committatur
1219 1555 1348 1595 obses
1366 1554 1584 1602 amabilis,

97 1635 139 1667 et
167 1643 246 1684 pro
275 1636 476 1685 tempore
507 1628 792 1688 singulariter
821 1637 863 1669 et
892 1629 934 1670 in
966 1645 1114 1670 mense
1142 1631 1356 1672 terribilis
1385 1641 1588 1689 expecta-

97 1704 224 1745 batur
247 1720 267 1744 a
291 1720 392 1762 rege
415 1721 493 1746 suo
516 1714 558 1746 et
580 1706 632 1746 ab
658 1705 872 1746 ultoribus
896 1707 1198 1763 expetebatur.
1227 1708 1422 1765 Cumque
1449 1708 1586 1749 sactus

96 1789 213 1821 esset
241 1781 335 1822 Rex
361 1781 472 1822 clam
508 1782 552 1823 in
587 1781 799 1831 derisum,
832 1792 877 1824 ut
913 1783 1056 1824 solent
1092 1784 1133 1824 in
1170 1784 1333 1825 delicto
1362 1793 1582 1842 potentes,

97 1858 190 1913 ipse
212 1858 473 1898 causabatur
500 1858 717 1908 obsidem,
741 1867 783 1899 et
805 1860 922 1900 circa
944 1875 1170 1916 vesperam
1199 1860 1288 1902 diei
1310 1870 1352 1902 ct
1372 1861 1465 1917 spei
1490 1878 1586 1902 sus-

96 1935 203 1990 cipit
254 1935 516 1991 inspiratum
571 1935 781 1991 peditem,
832 1945 877 1977 ut
925 1937 1163 1995 profugum
1211 1945 1253 1978 et
1305 1938 1588 1979 festinatione

97 2009 339 2062 desectum
365 2012 434 2052 vix
455 2011 670 2068 loquitur,
695 2020 754 2064 et,
785 2013 897 2053 sicut
926 2013 1121 2070 loquitur
1147 2015 1407 2072 veniamque
1440 2024 1589 2056 exorat

98 2087 215 2144 quod
244 2088 330 2144 ipsi
355 2097 456 2129 vota
484 2087 722 2140 distulerit,
752 2090 968 2130 mirantur
991 2107 1142 2132 omnes
1174 2100 1216 2132 et
1237 2092 1518 2148 miserentur,
1547 2102 1589 2133 et

100 2164 191 2220 ipse
222 2180 297 2205 rex
324 2164 410 2206 fide
438 2165 553 2206 bona
581 2166 742 2223 captivi
777 2167 842 2208 sui
871 2166 1067 2224 placatus
1096 2184 1174 2225 per
1207 2169 1392 2228 gratiam
1422 2169 1587 2211 Christi

98 2239 286 2282 liberum
308 2241 476 2283 dimisit
493 2244 518 2282 ¹.
548 2261 568 2282 »

160 2319 273 2358 llaec
298 2318 342 2358 in
367 2319 509 2376 Syria,
535 2320 616 2360 sub
643 2320 815 2362 ardenti
846 2321 1042 2362 Orientis
1069 2322 1159 2363 sole
1189 2331 1282 2364 acta
1311 2332 1450 2375 erant,
1477 2340 1586 2381 quae

98 2394 320 2450 Mappius,
346 2411 369 2436 a
397 2396 648 2452 'l'emplario
678 2396 884 2454 quodam,
912 2398 1135 2454 praeclare
1165 2400 1302 2456 gestis
1331 2416 1353 2440 a
1379 2400 1587 2441 fratribus

100 2471 402 2527 superbiente,
421 2481 597 2514 narrata
619 2473 814 2514 retulit2.
834 2475 940 2515 Post
961 2475 1085 2524 haec,
1106 2478 1295 2532 nonjam
1318 2476 1372 2517 de
1388 2477 1472 2518 fide
1489 2477 1584 2517 data

99 2555 357 2604 servataque
385 2563 633 2590 sermonem
668 2550 817 2598 habet,
843 2550 920 2591 sed
951 2551 1004 2592 de
1034 2552 1183 2593 uxoris
1213 2552 1392 2594 alterius
1421 2553 1587 2609 pudore

100 2638 188 2664 non
221 2623 504 2673 temerando,
546 2641 656 2682 quae
697 2626 888 2668 secunda
930 2636 997 2668 cst
1041 2644 1141 2669 vere
1182 2629 1342 2686 equitis
1383 2638 1506 2676 nota,
1548 2637 1590 2669 ct

100 2699 311 2758 intelligit
356 2699 510 2758 legens
556 2702 742 2759 quisque
790 2703 1051 2761 scriptorem
1098 2714 1170 2746 aut
1216 2705 1410 2762 propriis
1449 2705 1588 2746 oculis

143 2817 172 2846 1.
198 2818 244 2846 De
264 2817 384 2858 Nugis‚
406 2828 438 2857 p.
463 2819 512 2847 30.

141 2863 170 2892 2.
192 2864 367 2904 Sequntur
387 2865 470 2894 haec
489 2865 671 2895 historiam
692 2866 831 2896 brevem
852 2868 1046 2898 fundatoris
1065 2869 1360 2910 Templariorum.
