1873 3329
605 275 654 300 ΟΕ
687 276 743 300 w.
782 276 936 302 ΜΑΡΡΙΟ
970 277 1101 303 POETA
1542 274 1597 302 181

110 359 194 400 viri
223 359 377 417 quales
407 359 558 400 habitu
595 369 637 401 et
673 361 867 402 moribus
898 377 1043 402 revera
1074 362 1274 411 suerunt;
1301 364 1370 404 W.
1406 364 1609 420 Mappius

112 436 231 477 videt
294 452 367 477 eos
435 437 733 482 ambulantes,
795 453 1013 494 quemque
1075 454 1171 478 cum
1234 439 1415 480 muliere
1473 455 1601 495 quam

112 513 344 562 dilexerat,
370 530 589 571 quemque
612 530 708 555 cum
731 514 815 555 diis
844 530 954 571 quos
977 514 1247 555 adoraverat.

349 606 462 639 Vates
482 605 550 638 huc
573 612 796 638 convenerat
818 605 898 638 sine
920 617 985 638 sua
1009 605 1133 638 nullus
1151 609 1176 638 ¹.

172 688 406 730 Silentium
455 689 607 738 fityet
658 688 825 745 aliquid
865 688 1078 744 temporis
1127 689 1439 745 interponitur.
1487 690 1597 730 Dein

110 766 182 808 W.
215 766 420 822 Mappius
443 765 550 806 mire
574 765 769 823 gestiens
793 764 1118 820 contemplatur
1140 765 1229 805 acri
1259 765 1438 822 ingenio
1467 767 1600 817 viros,

111 843 185 900 qui
225 842 354 899 primi
400 842 444 882 iu
493 841 748 883 Occidentis
788 842 1045 899 regionibus
1088 842 1190 882 inde
1237 858 1257 882 a
1306 843 1602 883 Barbarorum

111 919 291 960 incursu
316 917 591 960 effulserunt.

171 995 317 1046 Solus,
364 1011 385 1036 a
419 995 578 1036 ceteris
626 1004 882 1053 segregatus
926 995 1188 1044 Abelardus,
1233 996 1308 1052 qui
1346 997 1434 1052 jam
1475 997 1597 1045 abiit,

109 1088 243 1130 quum
270 1072 446 1113 advenit
468 1071 661 1113 Helo'i'sa.

344 1166 468 1211 Nupta
495 1167 643 1212 quaerit
664 1166 727 1199 ubi
754 1167 802 1199 sit
829 1178 920 1199 suus
949 1166 1153 1205 Palatinus,

344 1222 462 1267 Cujus
486 1230 586 1256 totus
615 1223 736 1256 extitit
760 1223 919 1268 spiritus
942 1223 1112 1260 divinus;

345 1279 504 1320 Quaerit
525 1291 591 1312 cur
613 1291 652 1312 se
675 1279 873 1312 subtrahat
895 1279 1003 1324 quasi
1027 1279 1267 1323 peregrinus,

342 1335 462 1376 Quem
485 1336 530 1368 ad
549 1348 615 1369 sua
639 1335 755 1369 ubera
775 1335 920 1368 foverat
942 1343 978 1369 et
1001 1335 1144 1370 sinus2.

168 1418 378 1476 Sequitur
407 1434 639 1460 numerosa
675 1419 804 1459 turba
834 1434 985 1459 eorum
1019 1419 1093 1475 qui
1123 1419 1276 1460 eodem
1308 1435 1356 1459 ac
1392 1420 1601 1477 magister

111 1495 256 1536 studio
280 1495 489 1536 scientiae
518 1511 673 1536 arcana
702 1504 803 1536 sunt
831 1496 1028 1545 scrutati,
1060 1495 1214 1536 eodem
1243 1495 1399 1536 ardore
1427 1512 1597 1553 pugna-

107 1581 209 1614 runt
251 1572 459 1614 adversus
506 1581 703 1613 sanctum
749 1572 1045 1623 Bernmdum,
1082 1573 1287 1630 virosque
1328 1581 1374 1614 ut
1415 1574 1595 1614 nimium

107 1658 252 1691 arctae
279 1650 438 1691 mentis
467 1658 595 1707 atque
625 1648 726 1690 duri
754 1649 887 1690 animi
907 1657 999 1689 tum
1029 1649 1285 1690 notissimos
1312 1666 1320 1689 ε
1352 1650 1594 1707 discipulus

106 1727 317 1785 magistro
359 1727 526 1767 auctori
566 1726 713 1782 operis
751 1743 770 1765 «
810 1726 882 1767 Sic
916 1734 958 1767 et
994 1727 1089 1767 Non
1124 1744 1144 1765 »
1185 1726 1316 1767 nimis
1347 1726 1591 1777 addictus³‚

105 1803 317 1863 Anglicus
350 1803 570 1845 Robertus
600 1802 800 1859 Peilloyn
817 1803 845 1851 ⁴,
877 1812 968 1843 tum
999 1803 1226 1844 Gilbertus
1256 1803 1308 1844 de
1339 1803 1377 1844 la
1412 1805 1591 1853 Porree,

104 1883 287 1937 ejusque
335 1881 547 1939 magistri,
585 1879 887 1921 Theodoricus
935 1881 1222 1922 carnutensis
1257 1889 1299 1921 et
1339 1881 1591 1922 Bernardus

105 1958 431 2006 Carnutensis⁵,
464 1957 590 2015 Hugo
625 1957 912 2007 Numantius,
946 1958 1276 1998 Coventriensis
1313 1958 1587 2014 episcopus⁶,

103 2035 178 2092 qui
213 2034 450 2075 monachos
491 2050 512 2075 e
547 2049 621 2075 sua
663 2033 857 2075 dioecesi
893 2035 1051 2092 exegit,
1090 2050 1330 2091 eorumque
1366 2035 1410 2075 in
1446 2035 1589 2075 locum

103 2111 353 2152 sacerdotes
381 2110 554 2152 suffecit
577 2111 837 2152 saeculares.
865 2112 1012 2168 Longe
1035 2111 1086 2151 ab
1117 2110 1191 2152 illa
1213 2112 1339 2152 turba
1360 2120 1592 2152 transeunt

102 2204 124 2229 a
152 2188 310 2229 ceteris
339 2188 531 2245 separati
558 2188 645 2229 duo
678 2187 760 2229 viri
788 2188 968 2248 ingenio
997 2187 1119 2238 clari,
1152 2204 1262 2245 quos
1292 2190 1363 2231 W'.
1389 2189 1592 2245 Mappius

103 2265 283 2306 Parisiis
323 2265 522 2306 audierat
563 2264 809 2322 loquentes,
858 2280 1134 2322 quorumque
1173 2281 1260 2306 non
1299 2265 1462 2306 oblitus
1501 2274 1594 2306 erat

101 2343 257 2384 acerba
293 2342 338 2383 in
372 2342 622 2384 Gilbertum
659 2341 712 2383 de
748 2341 787 2383 la
821 2343 983 2384 Porree
1023 2342 1274 2384 testimonia
1320 2342 1363 2383 in
1403 2342 1591 2383 concilio

141 2463 170 2493 1.
192 2464 365 2497 poemata,
390 2471 424 2501 p.
445 2462 495 2497 26,
515 2462 565 2492 27.

141 2511 171 2540 2.
197 2509 297 2544 thid..
326 2519 360 2549 p.
382 2510 433 2539 29.
459 2509 551 2539 Satis
581 2508 746 2549 ambigua
774 2513 853 2538 sunt
880 2519 947 2538 non
978 2519 1169 2549 paucorum
1194 2509 1345 2543 nomina,
1369 2513 1406 2539 ut
1433 2508 1466 2537 in
1495 2512 1587 2537 textu

100 2556 231 2598 Mappii
253 2560 430 2596 teguntur.
455 2556 608 2592 Quorum
637 2557 677 2586 de
704 2556 994 2596 interpretatione
1019 2557 1057 2587 D.
1078 2556 1215 2597 wright
1246 2567 1348 2596 saepe
1375 2556 1409 2585 in
1435 2566 1586 2585 errorem

100 2605 249 2642 labiturg
269 2603 415 2644 ideoque
439 2603 611 2643 potiorem
635 2603 804 2633 habemus
830 2603 1156 2644 interpretationem
1181 2604 1298 2634 datam
1322 2615 1340 2633 a
1366 2604 1402 2634 D.
1431 2603 1589 2632 Haureau

101 2654 213 2691 (Me'm.
232 2652 274 2681 de
298 2651 429 2681 I'Acad.
452 2651 509 2680 des
528 2651 684 2692 Inscript.
707 2656 738 2681 el
762 2650 1036 2692 Helles-Lethes).

140 2700 170 2730 3.
196 2699 370 2735 Haureau,
393 2698 478 2728 nist.
495 2698 590 2728 dela
605 2698 731 2738 philos.
757 2698 931 2737 scholast,
957 2699 982 2735 1,
1007 2700 1080 2734 484.

139 2748 169 2776 [ι.
190 2749 363 2783 Poemata,
383 2757 418 2786 p.
442 2746 493 2776 29.

141 2797 171 2824 5.
196 2793 297 2830 lbid„
316 2805 350 2834 p.
370 2794 420 2823 29.

140 2842 171 2872 6.
196 2841 296 2875 lbid„
323 2852 354 2881 p.
380 2842 429 2875 15,
452 2841 489 2870 V.
511 2841 562 2870 93.
