<?xml version="1.0" encoding="UTF-8"?>
<!DOCTYPE html PUBLIC "-//W3C//DTD XHTML 1.0 Transitional//EN"
    "http://www.w3.org/TR/xhtml1/DTD/xhtml1-transitional.dtd">
<html xmlns="http://www.w3.org/1999/xhtml" xml:lang="en" lang="en">
 <head>
  <title>
</title>
<meta http-equiv="Content-Type" content="text/html;charset=utf-8" />
  <meta name='ocr-system' content='tesseract 3.04.00' />
  <meta name='ocr-capabilities' content='ocr_page ocr_carea ocr_par ocr_line ocrx_word'/>
</head>
<body>
  <div class='ocr_page' id='page_1' title='image "./dewalteriomappio00barduoft_0033.png"; bbox 0 0 1873 3329; ppageno 0'>
   <div class='ocr_carea' id='block_1_1' title="bbox 710 326 1564 353">
    <p class='ocr_par' dir='ltr' id='par_1_1' title="bbox 710 326 1564 353">
     <span class='ocr_line' id='line_1_1' title="bbox 710 326 1564 353; baseline 0.004 -3"><span class='ocrx_word' id='word_1_1' title='bbox 710 326 943 350; x_wconf 60' lang='lat' dir='ltr'>laton-:utrm</span> <span class='ocrx_word' id='word_1_2' title='bbox 1531 326 1564 353; x_wconf 64' lang='lat' dir='ltr'>l&#39;t&#39;</span> 
     </span>
    </p>
   </div>
   <div class='ocr_carea' id='block_1_2' title="bbox 84 410 1563 469">
    <p class='ocr_par' dir='ltr' id='par_1_2' title="bbox 84 410 1563 469">
     <span class='ocr_line' id='line_1_2' title="bbox 84 410 1563 469; baseline 0.002 -20"><span class='ocrx_word' id='word_1_3' title='bbox 84 411 348 467; x_wconf 81' lang='lat' dir='ltr'>paenitebat,</span> <span class='ocrx_word' id='word_1_4' title='bbox 374 426 468 450; x_wconf 72' lang='lat' dir='ltr'>eum</span> <span class='ocrx_word' id='word_1_5' title='bbox 500 410 550 450; x_wconf 74' lang='lat' dir='ltr'>:ul</span> <span class='ocrx_word' id='word_1_6' title='bbox 588 411 717 450; x_wconf 75' lang='lat' dir='ltr'>linem</span> <span class='ocrx_word' id='word_1_7' title='bbox 755 411 866 449; x_wconf 74' lang='lat' dir='ltr'>vila«-</span> <span class='ocrx_word' id='word_1_8' title='bbox 897 420 1117 466; x_wconf 58' lang='lat' dir='ltr'>pergeret,</span> <span class='ocrx_word' id='word_1_9' title='bbox 1150 412 1266 467; x_wconf 70' lang='lat' dir='ltr'>quod</span> <span class='ocrx_word' id='word_1_10' title='bbox 1297 430 1379 451; x_wconf 69' lang='lat' dir='ltr'>nou</span> <span class='ocrx_word' id='word_1_11' title='bbox 1417 414 1563 469; x_wconf 61' lang='lat' dir='ltr'>lingua</span> 
     </span>
    </p>
   </div>
   <div class='ocr_carea' id='block_1_3' title="bbox 83 486 1566 544">
    <p class='ocr_par' dir='ltr' id='par_1_3' title="bbox 83 486 1566 544">
     <span class='ocr_line' id='line_1_3' title="bbox 83 486 1566 544; baseline 0.002 -18"><span class='ocrx_word' id='word_1_12' title='bbox 83 487 260 544; x_wconf 69' lang='lat' dir='ltr'>vulgata</span> <span class='ocrx_word' id='word_1_13' title='bbox 292 503 393 527; x_wconf 77' lang='lat' dir='ltr'>usus</span> <span class='ocrx_word' id='word_1_14' title='bbox 428 496 537 527; x_wconf 72' lang='lat' dir='ltr'>esset</span> <span class='ocrx_word' id='word_1_15' title='bbox 564 503 663 543; x_wconf 73' lang='lat' dir='ltr'>qna.</span> <span class='ocrx_word' id='word_1_16' title='bbox 695 495 739 526; x_wconf 89' lang='lat' dir='ltr'>nt</span> <span class='ocrx_word' id='word_1_17' title='bbox 767 486 1049 542; x_wconf 73' lang='lat' dir='ltr'>opinabatur,</span> <span class='ocrx_word' id='word_1_18' title='bbox 1077 487 1284 543; x_wconf 78' lang='lat' dir='ltr'>operibus</span> <span class='ocrx_word' id='word_1_19' title='bbox 1316 490 1566 530; x_wconf 76' lang='lat' dir='ltr'>inimortali-</span> 
     </span>
    </p>
   </div>
   <div class='ocr_carea' id='block_1_4' title="bbox 82 563 1567 697">
    <p class='ocr_par' dir='ltr' id='par_1_4' title="bbox 82 563 1567 697">
     <span class='ocr_line' id='line_1_4' title="bbox 82 563 1567 619; baseline 0.001 -15"><span class='ocrx_word' id='word_1_20' title='bbox 82 572 212 604; x_wconf 84' lang='lat' dir='ltr'>tatem</span> <span class='ocrx_word' id='word_1_21' title='bbox 245 572 506 604; x_wconf 73' lang='lat' dir='ltr'>consecutus</span> <span class='ocrx_word' id='word_1_22' title='bbox 536 572 667 604; x_wconf 72' lang='lat' dir='ltr'>esset.</span> <span class='ocrx_word' id='word_1_23' title='bbox 696 564 814 614; x_wconf 66' lang='lat' dir='ltr'>Quat·</span> <span class='ocrx_word' id='word_1_24' title='bbox 847 563 993 619; x_wconf 67' lang='lat' dir='ltr'>lingna</span> <span class='ocrx_word' id='word_1_25' title='bbox 1021 564 1190 618; x_wconf 61' lang='lat' dir='ltr'>vulgata</span> <span class='ocrx_word' id='word_1_26' title='bbox 1221 582 1293 605; x_wconf 69' lang='lat' dir='ltr'>svn</span> <span class='ocrx_word' id='word_1_27' title='bbox 1324 568 1567 607; x_wconf 58' lang='lat' dir='ltr'>eommunis</span> 
     </span>
     <span class='ocr_line' id='line_1_5' title="bbox 83 639 1567 697; baseline 0.003 -18"><span class='ocrx_word' id='word_1_28' title='bbox 83 640 292 681; x_wconf 79' lang='lat' dir='ltr'>Gallicam</span> <span class='ocrx_word' id='word_1_29' title='bbox 348 657 433 681; x_wconf 94' lang='lat' dir='ltr'>non</span> <span class='ocrx_word' id='word_1_30' title='bbox 482 640 707 696; x_wconf 63' lang='lat' dir='ltr'>Anglii-ani</span> <span class='ocrx_word' id='word_1_31' title='bbox 758 639 950 695; x_wconf 67' lang='lat' dir='ltr'>lingnam</span> <span class='ocrx_word' id='word_1_32' title='bbox 1006 641 1278 697; x_wconf 71' lang='lat' dir='ltr'>signilivabat</span> <span class='ocrx_word' id='word_1_33' title='bbox 1300 645 1322 682; x_wconf 89' lang='lat'>¹.</span> <span class='ocrx_word' id='word_1_34' title='bbox 1379 646 1567 684; x_wconf 60' lang='lat' dir='ltr'>Sanetus</span> 
     </span>
    </p>
   </div>
   <div class='ocr_carea' id='block_1_5' title="bbox 31 716 1576 2621">
    <p class='ocr_par' dir='ltr' id='par_1_5' title="bbox 80 716 1570 1303">
     <span class='ocr_line' id='line_1_6' title="bbox 81 716 1567 774; baseline 0.002 -17"><span class='ocrx_word' id='word_1_35' title='bbox 81 716 256 774; x_wconf 85' lang='lat' dir='ltr'>quidam</span> <span class='ocrx_word' id='word_1_36' title='bbox 282 718 369 758; x_wconf 77' lang='lat' dir='ltr'>sere</span> <span class='ocrx_word' id='word_1_37' title='bbox 392 717 494 758; x_wconf 75' lang='lat' dir='ltr'>sede</span> <span class='ocrx_word' id='word_1_38' title='bbox 517 733 590 756; x_wconf 77' lang='lat' dir='ltr'>sua</span> <span class='ocrx_word' id='word_1_39' title='bbox 622 717 813 773; x_wconf 79' lang='lat' dir='ltr'>privatus</span> <span class='ocrx_word' id='word_1_40' title='bbox 839 725 918 759; x_wconf 73' lang='lat' dir='ltr'>est,</span> <span class='ocrx_word' id='word_1_41' title='bbox 946 717 1062 773; x_wconf 78' lang='lat' dir='ltr'>quia.</span> <span class='ocrx_word' id='word_1_42' title='bbox 1089 727 1263 757; x_wconf 70' lang='lat' dir='ltr'>nostran·</span> <span class='ocrx_word' id='word_1_43' title='bbox 1288 722 1460 760; x_wconf 60' lang='lat' dir='ltr'>nescius</span> <span class='ocrx_word' id='word_1_44' title='bbox 1486 721 1567 760; x_wconf 87' lang='lat' dir='ltr'>lin-</span> 
     </span>
     <span class='ocr_line' id='line_1_7' title="bbox 80 793 1566 853; baseline 0.002 -20"><span class='ocrx_word' id='word_1_45' title='bbox 80 809 212 850; x_wconf 82' lang='lat' dir='ltr'>guae,</span> <span class='ocrx_word' id='word_1_46' title='bbox 257 794 389 853; x_wconf 69' lang='lat' dir='ltr'>regiis</span> <span class='ocrx_word' id='word_1_47' title='bbox 431 793 718 833; x_wconf 78' lang='lat' dir='ltr'>conventibus</span> <span class='ocrx_word' id='word_1_48' title='bbox 756 793 967 833; x_wconf 73' lang='lat' dir='ltr'>interesse</span> <span class='ocrx_word' id='word_1_49' title='bbox 1001 794 1252 849; x_wconf 70' lang='lat' dir='ltr'>nequibat2.</span> <span class='ocrx_word' id='word_1_50' title='bbox 1290 798 1424 836; x_wconf 84' lang='lat' dir='ltr'>Immo</span> <span class='ocrx_word' id='word_1_51' title='bbox 1466 814 1566 837; x_wconf 70' lang='lat' dir='ltr'>vero</span> 
     </span>
     <span class='ocr_line' id='line_1_8' title="bbox 83 869 1567 929; baseline 0.002 -18"><span class='ocrx_word' id='word_1_52' title='bbox 83 870 238 911; x_wconf 83' lang='lat' dir='ltr'>Gallici</span> <span class='ocrx_word' id='word_1_53' title='bbox 279 871 493 910; x_wconf 87' lang='lat' dir='ltr'>sermonis</span> <span class='ocrx_word' id='word_1_54' title='bbox 535 886 636 910; x_wconf 87' lang='lat' dir='ltr'>usus</span> <span class='ocrx_word' id='word_1_55' title='bbox 679 869 786 910; x_wconf 83' lang='lat' dir='ltr'>adeo</span> <span class='ocrx_word' id='word_1_56' title='bbox 836 870 1008 910; x_wconf 74' lang='lat' dir='ltr'>labente</span> <span class='ocrx_word' id='word_1_57' title='bbox 1050 871 1224 911; x_wconf 82' lang='lat' dir='ltr'>saeculo</span> <span class='ocrx_word' id='word_1_58' title='bbox 1273 884 1348 912; x_wconf 62' lang='grc' dir='ltr'>κη’</span> <span class='ocrx_word' id='word_1_59' title='bbox 1392 890 1567 929; x_wconf 67' lang='lat' dir='ltr'>praeva-</span> 
     </span>
     <span class='ocr_line' id='line_1_9' title="bbox 84 946 1569 1005; baseline 0.002 -17"><span class='ocrx_word' id='word_1_60' title='bbox 84 947 237 994; x_wconf 79' lang='lat' dir='ltr'>luerat,</span> <span class='ocrx_word' id='word_1_61' title='bbox 269 956 314 988; x_wconf 91' lang='lat' dir='ltr'>ut</span> <span class='ocrx_word' id='word_1_62' title='bbox 350 963 486 1004; x_wconf 83' lang='lat' dir='ltr'>aeque</span> <span class='ocrx_word' id='word_1_63' title='bbox 517 946 701 1003; x_wconf 84' lang='lat' dir='ltr'>praelati</span> <span class='ocrx_word' id='word_1_64' title='bbox 734 955 914 1003; x_wconf 75' lang='lat' dir='ltr'><strong>possent</strong></span> <span class='ocrx_word' id='word_1_65' title='bbox 943 947 1032 987; x_wconf 87' lang='lat' dir='ltr'>sive</span> <span class='ocrx_word' id='word_1_66' title='bbox 1061 948 1247 1005; x_wconf 79' lang='lat' dir='ltr'>Angliee</span> <span class='ocrx_word' id='word_1_67' title='bbox 1276 951 1362 989; x_wconf 61' lang='lat' dir='ltr'>siu¹</span> <span class='ocrx_word' id='word_1_68' title='bbox 1400 951 1569 991; x_wconf 69' lang='lat' dir='ltr'>(lallice</span> 
     </span>
     <span class='ocr_line' id='line_1_10' title="bbox 82 1023 1566 1080; baseline 0.001 -15"><span class='ocrx_word' id='word_1_69' title='bbox 82 1025 210 1065; x_wconf 78' lang='lat' dir='ltr'>verba</span> <span class='ocrx_word' id='word_1_70' title='bbox 247 1024 389 1065; x_wconf 79' lang='lat' dir='ltr'>facere</span> <span class='ocrx_word' id='word_1_71' title='bbox 424 1040 569 1065; x_wconf 84' lang='lat' dir='ltr'>eoram</span> <span class='ocrx_word' id='word_1_72' title='bbox 606 1023 750 1080; x_wconf 76' lang='lat' dir='ltr'>plebe.</span> <span class='ocrx_word' id='word_1_73' title='bbox 798 1024 968 1064; x_wconf 71' lang='lat' dir='ltr'>Etenim</span> <span class='ocrx_word' id='word_1_74' title='bbox 1010 1024 1254 1065; x_wconf 71' lang='lat' dir='ltr'>audivimus</span> <span class='ocrx_word' id='word_1_75' title='bbox 1295 1044 1314 1064; x_wconf 65' lang='grc' dir='ltr'>ε»</span> <span class='ocrx_word' id='word_1_76' title='bbox 1351 1028 1566 1068; x_wconf 69' lang='lat' dir='ltr'>Chronica</span> 
     </span>
     <span class='ocr_line' id='line_1_11' title="bbox 82 1100 1567 1144; baseline 0.001 -2"><span class='ocrx_word' id='word_1_77' title='bbox 82 1101 266 1142; x_wconf 85' lang='lat' dir='ltr'>Jocelini</span> <span class='ocrx_word' id='word_1_78' title='bbox 309 1100 361 1141; x_wconf 86' lang='lat' dir='ltr'>de</span> <span class='ocrx_word' id='word_1_79' title='bbox 402 1100 704 1142; x_wconf 80' lang='lat' dir='ltr'>Brackelonde</span> <span class='ocrx_word' id='word_1_80' title='bbox 736 1101 971 1141; x_wconf 83' lang='lat' dir='ltr'>conciones</span> <span class='ocrx_word' id='word_1_81' title='bbox 1004 1117 1146 1142; x_wconf 89' lang='lat' dir='ltr'>sacras</span> <span class='ocrx_word' id='word_1_82' title='bbox 1176 1101 1219 1142; x_wconf 91' lang='lat' dir='ltr'>in</span> <span class='ocrx_word' id='word_1_83' title='bbox 1252 1103 1448 1143; x_wconf 58' lang='lat' dir='ltr'>ecclesiis</span> <span class='ocrx_word' id='word_1_84' title='bbox 1479 1113 1567 1144; x_wconf 88' lang='lat' dir='ltr'>tnm</span> 
     </span>
     <span class='ocr_line' id='line_1_12' title="bbox 83 1177 1570 1235; baseline 0.001 -16"><span class='ocrx_word' id='word_1_85' title='bbox 83 1178 235 1219; x_wconf 86' lang='lat' dir='ltr'>haberi</span> <span class='ocrx_word' id='word_1_86' title='bbox 265 1196 285 1216; x_wconf 93' lang='lat'>«</span> <span class='ocrx_word' id='word_1_87' title='bbox 311 1177 478 1219; x_wconf 88' lang='lat' dir='ltr'>Gallice</span> <span class='ocrx_word' id='word_1_88' title='bbox 503 1177 569 1219; x_wconf 87' lang='lat' dir='ltr'>vel</span> <span class='ocrx_word' id='word_1_89' title='bbox 603 1178 747 1234; x_wconf 83' lang='lat' dir='ltr'>potius</span> <span class='ocrx_word' id='word_1_90' title='bbox 779 1177 979 1235; x_wconf 71' lang='lat' dir='ltr'>Angliee,</span> <span class='ocrx_word' id='word_1_91' title='bbox 1014 1187 1059 1218; x_wconf 92' lang='lat' dir='ltr'>ut</span> <span class='ocrx_word' id='word_1_92' title='bbox 1090 1194 1260 1219; x_wconf 90' lang='lat' dir='ltr'>morum</span> <span class='ocrx_word' id='word_1_93' title='bbox 1291 1180 1414 1221; x_wconf 71' lang='lat' dir='ltr'>fieret</span> <span class='ocrx_word' id='word_1_94' title='bbox 1448 1180 1570 1221; x_wconf 86' lang='lat' dir='ltr'>aedi-</span> 
     </span>
     <span class='ocr_line' id='line_1_13' title="bbox 86 1255 975 1303; baseline -0.002 -7"><span class='ocrx_word' id='word_1_95' title='bbox 86 1255 245 1303; x_wconf 78' lang='lat' dir='ltr'>ficatio,</span> <span class='ocrx_word' id='word_1_96' title='bbox 278 1270 363 1295; x_wconf 91' lang='lat' dir='ltr'>non</span> <span class='ocrx_word' id='word_1_97' title='bbox 387 1255 659 1295; x_wconf 79' lang='lat' dir='ltr'>litteraturae</span> <span class='ocrx_word' id='word_1_98' title='bbox 682 1256 880 1295; x_wconf 77' lang='lat' dir='ltr'>extensio</span> <span class='ocrx_word' id='word_1_99' title='bbox 897 1257 910 1275; x_wconf 71' lang='lat'>³³</span> <span class='ocrx_word' id='word_1_100' title='bbox 941 1274 975 1294; x_wconf 71' lang='lat' dir='ltr'>n.</span> 
     </span>
    </p>

    <p class='ocr_par' dir='ltr' id='par_1_6' title="bbox 31 1331 1576 2621">
     <span class='ocr_line' id='line_1_14' title="bbox 143 1331 1571 1388; baseline 0.002 -16"><span class='ocrx_word' id='word_1_101' title='bbox 143 1333 257 1373; x_wconf 86' lang='lat' dir='ltr'>Haec</span> <span class='ocrx_word' id='word_1_102' title='bbox 274 1331 432 1373; x_wconf 85' lang='lat' dir='ltr'>Gallici</span> <span class='ocrx_word' id='word_1_103' title='bbox 453 1331 596 1373; x_wconf 91' lang='lat' dir='ltr'>cultus</span> <span class='ocrx_word' id='word_1_104' title='bbox 619 1331 854 1372; x_wconf 81' lang='lat' dir='ltr'>auctoritas</span> <span class='ocrx_word' id='word_1_105' title='bbox 878 1347 928 1372; x_wconf 91' lang='lat' dir='ltr'>eo</span> <span class='ocrx_word' id='word_1_106' title='bbox 957 1332 1133 1388; x_wconf 86' lang='lat' dir='ltr'>majoris</span> <span class='ocrx_word' id='word_1_107' title='bbox 1162 1334 1371 1374; x_wconf 79' lang='lat' dir='ltr'>momenti</span> <span class='ocrx_word' id='word_1_108' title='bbox 1398 1334 1571 1375; x_wconf 72' lang='lat' dir='ltr'>videtur</span> 
     </span>
     <span class='ocr_line' id='line_1_15' title="bbox 31 1407 1569 1467; baseline 0.001 -17"><span class='ocrx_word' id='word_1_109' title='bbox 31 1444 36 1450; x_wconf 78' lang='lat'><em>.</em></span> <span class='ocrx_word' id='word_1_110' title='bbox 83 1408 202 1466; x_wconf 87' lang='lat' dir='ltr'>quod</span> <span class='ocrx_word' id='word_1_111' title='bbox 230 1407 284 1449; x_wconf 88' lang='lat' dir='ltr'>ad</span> <span class='ocrx_word' id='word_1_112' title='bbox 315 1408 482 1465; x_wconf 77' lang='lat' dir='ltr'>apicem</span> <span class='ocrx_word' id='word_1_113' title='bbox 516 1408 732 1465; x_wconf 77' lang='lat' dir='ltr'>pervenit,</span> <span class='ocrx_word' id='word_1_114' title='bbox 761 1407 862 1449; x_wconf 78' lang='lat' dir='ltr'>(lum</span> <span class='ocrx_word' id='word_1_115' title='bbox 889 1408 984 1465; x_wconf 85' lang='lat' dir='ltr'>ipsa</span> <span class='ocrx_word' id='word_1_116' title='bbox 1014 1409 1135 1467; x_wconf 84' lang='lat' dir='ltr'>regia</span> <span class='ocrx_word' id='word_1_117' title='bbox 1169 1409 1323 1450; x_wconf 88' lang='lat' dir='ltr'>domus</span> <span class='ocrx_word' id='word_1_118' title='bbox 1355 1427 1569 1452; x_wconf 82' lang='lat' dir='ltr'>summum</span> 
     </span>
     <span class='ocr_line' id='line_1_16' title="bbox 83 1484 1571 1544; baseline 0.002 -18"><span class='ocrx_word' id='word_1_119' title='bbox 83 1486 277 1544; x_wconf 85' lang='lat' dir='ltr'>attingit.</span> <span class='ocrx_word' id='word_1_120' title='bbox 311 1485 406 1526; x_wconf 80' lang='lat' dir='ltr'>Non</span> <span class='ocrx_word' id='word_1_121' title='bbox 441 1484 565 1525; x_wconf 87' lang='lat' dir='ltr'>aliter</span> <span class='ocrx_word' id='word_1_122' title='bbox 602 1485 643 1525; x_wconf 88' lang='lat' dir='ltr'>in</span> <span class='ocrx_word' id='word_1_123' title='bbox 673 1484 830 1543; x_wconf 75' lang='lat' dir='ltr'>Anglia</span> <span class='ocrx_word' id='word_1_124' title='bbox 866 1501 994 1542; x_wconf 82' lang='lat' dir='ltr'>quam</span> <span class='ocrx_word' id='word_1_125' title='bbox 1037 1486 1080 1526; x_wconf 92' lang='lat' dir='ltr'>in</span> <span class='ocrx_word' id='word_1_126' title='bbox 1116 1486 1257 1527; x_wconf 89' lang='lat' dir='ltr'>Gallia</span> <span class='ocrx_word' id='word_1_127' title='bbox 1287 1494 1388 1527; x_wconf 54' lang='lat' dir='ltr'>xn³ivn</span> <span class='ocrx_word' id='word_1_128' title='bbox 1421 1504 1571 1529; x_wconf 85' lang='lat' dir='ltr'>saecu-</span> 
     </span>
     <span class='ocr_line' id='line_1_17' title="bbox 84 1561 1566 1606; baseline 0.003 -4"><span class='ocrx_word' id='word_1_129' title='bbox 84 1562 171 1602; x_wconf 88' lang='lat' dir='ltr'>lum</span> <span class='ocrx_word' id='word_1_130' title='bbox 202 1561 529 1602; x_wconf 78' lang='lat' dir='ltr'>renovationem</span> <span class='ocrx_word' id='word_1_131' title='bbox 560 1570 601 1602; x_wconf 86' lang='lat' dir='ltr'>et</span> <span class='ocrx_word' id='word_1_132' title='bbox 629 1562 902 1602; x_wconf 86' lang='lat' dir='ltr'>omnimodas</span> <span class='ocrx_word' id='word_1_133' title='bbox 934 1561 1270 1603; x_wconf 82' lang='lat' dir='ltr'>reformationes</span> <span class='ocrx_word' id='word_1_134' title='bbox 1295 1564 1566 1606; x_wconf 74' lang='lat' dir='ltr'>instauravit.</span> 
     </span>
     <span class='ocr_line' id='line_1_18' title="bbox 83 1638 1572 1698; baseline 0.002 -19"><span class='ocrx_word' id='word_1_135' title='bbox 83 1640 284 1697; x_wconf 83' lang='lat' dir='ltr'>Regnum</span> <span class='ocrx_word' id='word_1_136' title='bbox 307 1638 484 1679; x_wconf 88' lang='lat' dir='ltr'>Henrici</span> <span class='ocrx_word' id='word_1_137' title='bbox 508 1639 543 1679; x_wconf 94' lang='lat' dir='ltr'>lI</span> <span class='ocrx_word' id='word_1_138' title='bbox 571 1654 822 1695; x_wconf 86' lang='lat' dir='ltr'>supremum</span> <span class='ocrx_word' id='word_1_139' title='bbox 846 1638 1019 1679; x_wconf 89' lang='lat' dir='ltr'>culmen</span> <span class='ocrx_word' id='word_1_140' title='bbox 1044 1639 1086 1679; x_wconf 93' lang='lat' dir='ltr'>in</span> <span class='ocrx_word' id='word_1_141' title='bbox 1111 1639 1240 1680; x_wconf 89' lang='lat' dir='ltr'>domo</span> <span class='ocrx_word' id='word_1_142' title='bbox 1263 1641 1572 1698; x_wconf 65' lang='lat' dir='ltr'>Andegavensi</span> 
     </span>
     <span class='ocr_line' id='line_1_19' title="bbox 84 1715 1567 1774; baseline 0.001 -17"><span class='ocrx_word' id='word_1_143' title='bbox 84 1715 211 1758; x_wconf 90' lang='lat' dir='ltr'>simul</span> <span class='ocrx_word' id='word_1_144' title='bbox 241 1724 282 1756; x_wconf 91' lang='lat' dir='ltr'>et</span> <span class='ocrx_word' id='word_1_145' title='bbox 311 1715 353 1756; x_wconf 91' lang='lat' dir='ltr'>in</span> <span class='ocrx_word' id='word_1_146' title='bbox 376 1715 560 1756; x_wconf 91' lang='lat' dir='ltr'>historia</span> <span class='ocrx_word' id='word_1_147' title='bbox 583 1715 826 1774; x_wconf 81' lang='lat' dir='ltr'>Anglorum</span> <span class='ocrx_word' id='word_1_148' title='bbox 859 1725 1125 1756; x_wconf 83' lang='lat' dir='ltr'>momentum</span> <span class='ocrx_word' id='word_1_149' title='bbox 1147 1716 1317 1758; x_wconf 81' lang='lat' dir='ltr'>illustre</span> <span class='ocrx_word' id='word_1_150' title='bbox 1342 1728 1567 1759; x_wconf 87' lang='lat' dir='ltr'>memorat.</span> 
     </span>
     <span class='ocr_line' id='line_1_20' title="bbox 84 1792 1574 1849; baseline 0.002 -15"><span class='ocrx_word' id='word_1_151' title='bbox 84 1794 170 1846; x_wconf 89' lang='lat' dir='ltr'>Qui</span> <span class='ocrx_word' id='word_1_152' title='bbox 191 1793 307 1834; x_wconf 86' lang='lat' dir='ltr'>enim</span> <span class='ocrx_word' id='word_1_153' title='bbox 331 1792 418 1833; x_wconf 81' lang='lat' dir='ltr'>dux</span> <span class='ocrx_word' id='word_1_154' title='bbox 437 1792 699 1849; x_wconf 87' lang='lat' dir='ltr'>Aquitaniae</span> <span class='ocrx_word' id='word_1_155' title='bbox 716 1801 759 1832; x_wconf 77' lang='lat' dir='ltr'>et</span> <span class='ocrx_word' id='word_1_156' title='bbox 781 1793 1074 1834; x_wconf 86' lang='lat' dir='ltr'>Normanniae</span> <span class='ocrx_word' id='word_1_157' title='bbox 1097 1794 1422 1843; x_wconf 82' lang='lat' dir='ltr'>nominabatur,</span> <span class='ocrx_word' id='word_1_158' title='bbox 1444 1797 1574 1837; x_wconf 87' lang='lat' dir='ltr'>Fran-</span> 
     </span>
     <span class='ocr_line' id='line_1_21' title="bbox 83 1869 1571 1927; baseline 0.001 -15"><span class='ocrx_word' id='word_1_159' title='bbox 83 1872 174 1912; x_wconf 88' lang='lat' dir='ltr'>ciae</span> <span class='ocrx_word' id='word_1_160' title='bbox 214 1869 482 1911; x_wconf 87' lang='lat' dir='ltr'>senescallus</span> <span class='ocrx_word' id='word_1_161' title='bbox 530 1878 680 1926; x_wconf 86' lang='lat' dir='ltr'>utpote</span> <span class='ocrx_word' id='word_1_162' title='bbox 721 1869 1061 1927; x_wconf 74' lang='lat' dir='ltr'>Andegavorum</span> <span class='ocrx_word' id='word_1_163' title='bbox 1109 1886 1278 1921; x_wconf 85' lang='lat' dir='ltr'>comes,</span> <span class='ocrx_word' id='word_1_164' title='bbox 1318 1873 1571 1914; x_wconf 86' lang='lat' dir='ltr'>Britanniae</span> 
     </span>
     <span class='ocr_line' id='line_1_22' title="bbox 83 1946 1571 2006; baseline 0.002 -18"><span class='ocrx_word' id='word_1_165' title='bbox 83 1955 348 2006; x_wconf 88' lang='lat' dir='ltr'>praepotens</span> <span class='ocrx_word' id='word_1_166' title='bbox 366 1954 527 1995; x_wconf 88' lang='lat' dir='ltr'>rector,</span> <span class='ocrx_word' id='word_1_167' title='bbox 547 1946 648 2003; x_wconf 88' lang='lat' dir='ltr'>quia</span> <span class='ocrx_word' id='word_1_168' title='bbox 669 1947 962 1988; x_wconf 74' lang='lat' dir='ltr'>Norinanniae</span> <span class='ocrx_word' id='word_1_169' title='bbox 979 1963 1025 1987; x_wconf 82' lang='lat' dir='ltr'>ea</span> <span class='ocrx_word' id='word_1_170' title='bbox 1050 1948 1273 2004; x_wconf 84' lang='lat' dir='ltr'>provincia</span> <span class='ocrx_word' id='word_1_171' title='bbox 1293 1950 1571 2005; x_wconf 86' lang='lat' dir='ltr'>subjacebat;</span> 
     </span>
     <span class='ocr_line' id='line_1_23' title="bbox 84 2022 1573 2082; baseline 0.002 -17"><span class='ocrx_word' id='word_1_172' title='bbox 84 2024 333 2082; x_wconf 86' lang='lat' dir='ltr'>Biturigum</span> <span class='ocrx_word' id='word_1_173' title='bbox 362 2032 405 2065; x_wconf 87' lang='lat' dir='ltr'>et</span> <span class='ocrx_word' id='word_1_174' title='bbox 432 2024 670 2064; x_wconf 84' lang='lat' dir='ltr'>Arverniae</span> <span class='ocrx_word' id='word_1_175' title='bbox 705 2022 910 2064; x_wconf 86' lang='lat' dir='ltr'>dominus</span> <span class='ocrx_word' id='word_1_176' title='bbox 945 2032 1184 2077; x_wconf 86' lang='lat' dir='ltr'>terrarum,</span> <span class='ocrx_word' id='word_1_177' title='bbox 1223 2041 1332 2082; x_wconf 84' lang='lat' dir='ltr'>quae</span> <span class='ocrx_word' id='word_1_178' title='bbox 1366 2043 1466 2067; x_wconf 64' lang='lat' dir='ltr'>vere</span> <span class='ocrx_word' id='word_1_179' title='bbox 1502 2037 1573 2068; x_wconf 87' lang='lat' dir='ltr'>ant</span> 
     </span>
     <span class='ocr_line' id='line_1_24' title="bbox 85 2100 1573 2159; baseline 0.001 -17"><span class='ocrx_word' id='word_1_180' title='bbox 85 2101 295 2159; x_wconf 90' lang='lat' dir='ltr'>opinione</span> <span class='ocrx_word' id='word_1_181' title='bbox 329 2100 590 2158; x_wconf 85' lang='lat' dir='ltr'>Aquitaniae</span> <span class='ocrx_word' id='word_1_182' title='bbox 626 2100 1025 2149; x_wconf 86' lang='lat' dir='ltr'>submittebantur;</span> <span class='ocrx_word' id='word_1_183' title='bbox 1064 2102 1394 2159; x_wconf 77' lang='lat' dir='ltr'>propinquitate</span> <span class='ocrx_word' id='word_1_184' title='bbox 1430 2103 1573 2144; x_wconf 82' lang='lat' dir='ltr'>affinis</span> 
     </span>
     <span class='ocr_line' id='line_1_25' title="bbox 85 2176 1575 2239; baseline 0.001 -19"><span class='ocrx_word' id='word_1_185' title='bbox 85 2178 218 2220; x_wconf 83' lang='lat' dir='ltr'>Fuleo</span> <span class='ocrx_word' id='word_1_186' title='bbox 246 2178 341 2237; x_wconf 81' lang='lat' dir='ltr'>regi</span> <span class='ocrx_word' id='word_1_187' title='bbox 369 2176 611 2218; x_wconf 89' lang='lat' dir='ltr'>Jerusalem</span> <span class='ocrx_word' id='word_1_188' title='bbox 648 2177 973 2234; x_wconf 80' lang='lat' dir='ltr'>Andegavensi,</span> <span class='ocrx_word' id='word_1_189' title='bbox 1006 2178 1236 2235; x_wconf 84' lang='lat' dir='ltr'>utriusque</span> <span class='ocrx_word' id='word_1_190' title='bbox 1274 2180 1448 2220; x_wconf 79' lang='lat' dir='ltr'>Siciliae</span> <span class='ocrx_word' id='word_1_191' title='bbox 1481 2182 1575 2239; x_wconf 80' lang='lat' dir='ltr'>regi</span> 
     </span>
     <span class='ocr_line' id='line_1_26' title="bbox 85 2254 1574 2311; baseline 0.001 -15"><span class='ocrx_word' id='word_1_192' title='bbox 85 2257 353 2305; x_wconf 88' lang='lat' dir='ltr'>Normanno,</span> <span class='ocrx_word' id='word_1_193' title='bbox 379 2254 596 2296; x_wconf 88' lang='lat' dir='ltr'>Henricus</span> <span class='ocrx_word' id='word_1_194' title='bbox 629 2254 665 2294; x_wconf 91' lang='lat' dir='ltr'>II</span> <span class='ocrx_word' id='word_1_195' title='bbox 690 2254 843 2294; x_wconf 88' lang='lat' dir='ltr'>aetatis</span> <span class='ocrx_word' id='word_1_196' title='bbox 867 2270 969 2294; x_wconf 85' lang='lat' dir='ltr'>suae</span> <span class='ocrx_word' id='word_1_197' title='bbox 1000 2255 1064 2294; x_wconf 87' lang='lat' dir='ltr'>vir</span> <span class='ocrx_word' id='word_1_198' title='bbox 1086 2256 1419 2311; x_wconf 88' lang='lat' dir='ltr'>potentissimus</span> <span class='ocrx_word' id='word_1_199' title='bbox 1443 2257 1574 2299; x_wconf 87' lang='lat' dir='ltr'>habe—</span> 
     </span>
     <span class='ocr_line' id='line_1_27' title="bbox 85 2331 1573 2390; baseline 0.001 -17"><span class='ocrx_word' id='word_1_200' title='bbox 85 2334 226 2374; x_wconf 87' lang='lat' dir='ltr'>batur.</span> <span class='ocrx_word' id='word_1_201' title='bbox 269 2348 290 2371; x_wconf 90' lang='lat'>«</span> <span class='ocrx_word' id='word_1_202' title='bbox 327 2332 555 2373; x_wconf 87' lang='lat' dir='ltr'>Structura</span> <span class='ocrx_word' id='word_1_203' title='bbox 603 2331 821 2386; x_wconf 86' lang='lat' dir='ltr'>corporis,</span> <span class='ocrx_word' id='word_1_204' title='bbox 863 2340 1081 2387; x_wconf 82' lang='lat' dir='ltr'>aspectuS,</span> <span class='ocrx_word' id='word_1_205' title='bbox 1125 2332 1244 2389; x_wconf 84' lang='lat' dir='ltr'>larga</span> <span class='ocrx_word' id='word_1_206' title='bbox 1282 2341 1324 2373; x_wconf 90' lang='lat' dir='ltr'>et</span> <span class='ocrx_word' id='word_1_207' title='bbox 1364 2335 1573 2390; x_wconf 84' lang='lat' dir='ltr'>quadrata</span> 
     </span>
     <span class='ocr_line' id='line_1_28' title="bbox 86 2406 1573 2467; baseline 0.001 -16"><span class='ocrx_word' id='word_1_208' title='bbox 86 2418 265 2456; x_wconf 87' lang='lat' dir='ltr'>statura,</span> <span class='ocrx_word' id='word_1_209' title='bbox 300 2407 572 2449; x_wconf 90' lang='lat' dir='ltr'>rubicundus</span> <span class='ocrx_word' id='word_1_210' title='bbox 603 2406 765 2456; x_wconf 88' lang='lat' dir='ltr'>vultus,</span> <span class='ocrx_word' id='word_1_211' title='bbox 797 2407 937 2448; x_wconf 91' lang='lat' dir='ltr'>oculis</span> <span class='ocrx_word' id='word_1_212' title='bbox 974 2409 1308 2465; x_wconf 85' lang='lat' dir='ltr'>erumpentibus</span> <span class='ocrx_word' id='word_1_213' title='bbox 1337 2409 1573 2467; x_wconf 76' lang='lat' dir='ltr'>densisque</span> 
     </span>
     <span class='ocr_line' id='line_1_29' title="bbox 87 2484 1571 2545; baseline 0 -17"><span class='ocrx_word' id='word_1_214' title='bbox 87 2486 256 2544; x_wconf 88' lang='lat' dir='ltr'>capillis</span> <span class='ocrx_word' id='word_1_215' title='bbox 278 2493 478 2535; x_wconf 87' lang='lat' dir='ltr'>ornatus,</span> <span class='ocrx_word' id='word_1_216' title='bbox 510 2484 586 2525; x_wconf 77' lang='lat' dir='ltr'>secl</span> <span class='ocrx_word' id='word_1_217' title='bbox 614 2493 657 2525; x_wconf 89' lang='lat' dir='ltr'>et</span> <span class='ocrx_word' id='word_1_218' title='bbox 682 2492 796 2525; x_wconf 89' lang='lat' dir='ltr'>torta</span> <span class='ocrx_word' id='word_1_219' title='bbox 820 2500 963 2534; x_wconf 91' lang='lat' dir='ltr'>crura,</span> <span class='ocrx_word' id='word_1_220' title='bbox 989 2486 1201 2542; x_wconf 86' lang='lat' dir='ltr'>agitatum</span> <span class='ocrx_word' id='word_1_221' title='bbox 1224 2487 1571 2545; x_wconf 82' lang='lat' dir='ltr'>negociatorem,</span> 
     </span>
     <span class='ocr_line' id='line_1_30' title="bbox 87 2561 1576 2621; baseline 0.001 -17"><span class='ocrx_word' id='word_1_222' title='bbox 87 2578 288 2620; x_wconf 87' lang='lat' dir='ltr'>asperum</span> <span class='ocrx_word' id='word_1_223' title='bbox 318 2571 359 2603; x_wconf 90' lang='lat' dir='ltr'>et</span> <span class='ocrx_word' id='word_1_224' title='bbox 382 2561 593 2602; x_wconf 88' lang='lat' dir='ltr'>rusticum</span> <span class='ocrx_word' id='word_1_225' title='bbox 619 2561 878 2602; x_wconf 86' lang='lat' dir='ltr'>innuebant.</span> <span class='ocrx_word' id='word_1_226' title='bbox 913 2578 934 2599; x_wconf 88' lang='lat'>»</span> <span class='ocrx_word' id='word_1_227' title='bbox 958 2562 1193 2619; x_wconf 88' lang='lat' dir='ltr'>Nunquam</span> <span class='ocrx_word' id='word_1_228' title='bbox 1216 2563 1353 2613; x_wconf 88' lang='lat' dir='ltr'>sedet,</span> <span class='ocrx_word' id='word_1_229' title='bbox 1379 2565 1437 2604; x_wconf 85' lang='lat' dir='ltr'>ait</span> <span class='ocrx_word' id='word_1_230' title='bbox 1465 2566 1576 2621; x_wconf 78' lang='lat' dir='ltr'>ejus-</span> 
     </span>
    </p>
   </div>
   <div class='ocr_carea' id='block_1_6' title="bbox 88 2637 1574 2696">
    <p class='ocr_par' dir='ltr' id='par_1_7' title="bbox 88 2637 1574 2696">
     <span class='ocr_line' id='line_1_31' title="bbox 88 2637 1574 2696; baseline 0.001 -15"><span class='ocrx_word' id='word_1_231' title='bbox 88 2639 186 2681; x_wconf 88' lang='lat' dir='ltr'>dem</span> <span class='ocrx_word' id='word_1_232' title='bbox 208 2639 360 2680; x_wconf 88' lang='lat' dir='ltr'>aetatis</span> <span class='ocrx_word' id='word_1_233' title='bbox 383 2638 589 2695; x_wconf 88' lang='lat' dir='ltr'>scriptor,</span> <span class='ocrx_word' id='word_1_234' title='bbox 615 2653 635 2678; x_wconf 92' lang='lat' dir='ltr'>a</span> <span class='ocrx_word' id='word_1_235' title='bbox 659 2653 782 2678; x_wconf 84' lang='lat' dir='ltr'>mane.</span> <span class='ocrx_word' id='word_1_236' title='bbox 807 2637 860 2678; x_wconf 87' lang='lat' dir='ltr'>ad</span> <span class='ocrx_word' id='word_1_237' title='bbox 882 2653 1108 2694; x_wconf 77' lang='lat' dir='ltr'>vesperam</span> <span class='ocrx_word' id='word_1_238' title='bbox 1126 2639 1342 2696; x_wconf 86' lang='lat' dir='ltr'>graditur.</span> <span class='ocrx_word' id='word_1_239' title='bbox 1369 2641 1574 2682; x_wconf 64' lang='lat' dir='ltr'>Attentus</span> 
     </span>
    </p>
   </div>
   <div class='ocr_carea' id='block_1_7' title="bbox 126 2779 1068 2866">
    <p class='ocr_par' dir='ltr' id='par_1_8' title="bbox 126 2779 1068 2866">
     <span class='ocr_line' id='line_1_32' title="bbox 129 2779 534 2821; baseline -0.007 -9"><span class='ocrx_word' id='word_1_240' title='bbox 129 2781 159 2812; x_wconf 89' lang='lat'>1.</span> <span class='ocrx_word' id='word_1_241' title='bbox 177 2780 304 2821; x_wconf 77' lang='lat' dir='ltr'>Opera,</span> <span class='ocrx_word' id='word_1_242' title='bbox 328 2780 381 2814; x_wconf 80' lang='lat' dir='ltr'>lv,</span> <span class='ocrx_word' id='word_1_243' title='bbox 401 2790 434 2819; x_wconf 87' lang='lat' dir='ltr'>p.</span> <span class='ocrx_word' id='word_1_244' title='bbox 460 2779 534 2809; x_wconf 77' lang='lat'><strong>410.</strong></span> 
     </span>
     <span class='ocr_line' id='line_1_33' title="bbox 126 2825 1068 2866; baseline -0.002 -8"><span class='ocrx_word' id='word_1_245' title='bbox 126 2829 157 2859; x_wconf 81' lang='grc'>2.</span> <span class='ocrx_word' id='word_1_246' title='bbox 175 2827 354 2858; x_wconf 81' lang='lat' dir='ltr'>Mathoeus</span> <span class='ocrx_word' id='word_1_247' title='bbox 373 2826 484 2862; x_wconf 73' lang='lat' dir='ltr'>Paris,</span> <span class='ocrx_word' id='word_1_248' title='bbox 508 2825 630 2855; x_wconf 77' lang='lat' dir='ltr'>Clzron.</span> <span class='ocrx_word' id='word_1_249' title='bbox 651 2825 748 2866; x_wconf 51' lang='lat' dir='ltr'>Mas,</span> <span class='ocrx_word' id='word_1_250' title='bbox 773 2825 837 2854; x_wconf 82' lang='lat' dir='ltr'>sub</span> <span class='ocrx_word' id='word_1_251' title='bbox 859 2836 948 2855; x_wconf 89' lang='lat' dir='ltr'>anno</span> <span class='ocrx_word' id='word_1_252' title='bbox 975 2826 1068 2857; x_wconf 77' lang='lat'>1095.</span> 
     </span>
    </p>
   </div>
   <div class='ocr_carea' id='block_1_8' title="bbox 128 2873 748 2913">
    <p class='ocr_par' dir='ltr' id='par_1_9' title="bbox 128 2873 748 2913">
     <span class='ocr_line' id='line_1_34' title="bbox 128 2873 748 2913; baseline -0.006 -7"><span class='ocrx_word' id='word_1_253' title='bbox 128 2877 157 2906; x_wconf 85' lang='lat'>3.</span> <span class='ocrx_word' id='word_1_254' title='bbox 183 2874 335 2906; x_wconf 83' lang='lat' dir='ltr'>Camden</span> <span class='ocrx_word' id='word_1_255' title='bbox 360 2873 509 2913; x_wconf 72' lang='lat' dir='ltr'>Society,</span> <span class='ocrx_word' id='word_1_256' title='bbox 532 2873 623 2908; x_wconf 71' lang='lat'><strong>1840,</strong></span> <span class='ocrx_word' id='word_1_257' title='bbox 642 2882 676 2912; x_wconf 90' lang='lat' dir='ltr'>p.</span> <span class='ocrx_word' id='word_1_258' title='bbox 696 2874 748 2902; x_wconf 78' lang='lat'>95.</span> 
     </span>
    </p>
   </div>
   <div class='ocr_carea' id='block_1_9' title="bbox 1372 2942 1390 2972">
    <p class='ocr_par' dir='ltr' id='par_1_10' title="bbox 1372 2942 1390 2972">
     <span class='ocr_line' id='line_1_35' title="bbox 1372 2942 1390 2972; textangle 90"><span class='ocrx_word' id='word_1_259' title='bbox 1372 2942 1390 2972; x_wconf 55' lang='lat' dir='ltr'>{Q</span> 
     </span>
    </p>
   </div>
  </div>
 </body>
</html>
