1842 3288
250 300 308 329 112
743 303 794 328 DE
828 303 1052 329 WALTEnlO
1087 303 1242 329 MAPPIO

306 390 493 430 Maxima
538 389 818 446 ingeniorum
867 397 973 437 erat,
1012 388 1273 429 duodecimo
1314 389 1504 440 saeculo,
1543 390 1736 446 exceptis

247 466 510 524 quibusdam
542 465 734 523 egregiis
763 466 884 516 viris,
921 465 1181 522 simplicitas
1219 482 1226 505 :
1266 481 1346 507 nec
1377 467 1491 507 enim
1527 467 1736 509 scientiae

244 543 402 583 multas
436 558 581 583 rerum
623 542 792 598 species
833 542 895 583 eis
929 542 1234 591 ostenderant,
1273 558 1324 582 ex
1356 543 1515 599 quibus
1556 552 1737 600 possent

243 636 350 660 nova
380 619 597 676 principia
622 635 769 660 reruni
799 619 1054 669 instituere3
1081 635 1159 659 nec
1184 619 1367 659 rudibus
1400 619 1462 659 eis
1490 621 1734 661 communis

247 697 435 752 impetus
459 696 766 736 communibus
784 695 1033 752 disciplinis
1056 696 1150 736 dari
1174 704 1362 752 poterat.
1382 695 1585 739 walterii
1601 697 1733 754 igitur

242 773 462 830 aequales,
497 789 592 814 eum
623 773 842 813 concretis
873 774 1005 814 rebus
1037 789 1122 813 non
1160 773 1405 822 studerent,
1437 788 1516 813 nec
1541 789 1732 815 eommu-

242 852 372 891 nibus
400 850 687 907 opinionibus
724 858 953 890 uterentur
985 866 1064 891 nec
1095 850 1179 890 ulla
1210 849 1400 891 docendi
1429 858 1501 890 aut
1532 849 1731 892 discendi

240 928 409 968 ratione
433 943 479 967 ac
502 927 585 978 via,
614 942 694 983 pro
720 926 844 968 factis
868 928 1151 983 pronuntiata
1176 944 1196 967 a
1219 927 1513 984 scriptoribus
1537 927 1727 978 oracula,

240 1004 276 1044 si
299 1020 408 1061 quae
431 1013 629 1061 tempore
658 1019 745 1044 non
768 1004 1010 1060 perierant,
1037 1020 1141 1060 prae
1164 1020 1207 1045 se
1233 1005 1445 1045 serebant.
1474 1022 1493 1042 «
1519 1005 1731 1062 Magister

239 1080 403 1122 dixit...
438 1100 458 1121 )>

299 1159 483 1216 Saepius
507 1158 636 1199 etiam
658 1158 946 1216 theologiam,
966 1174 1062 1199 cum
1086 1174 1174 1199 non
1198 1158 1336 1214 ipsam
1361 1174 1506 1199 rerum
1531 1167 1729 1199 naturam

238 1236 535 1286 observatam,
574 1235 770 1276 veritatis
811 1235 1158 1292 praeceptricem
1196 1236 1434 1275 habebant.
1481 1236 1601 1287 Quae
1633 1251 1729 1276 cum

240 1313 295 1353 ita
325 1321 488 1363 essent,
520 1321 561 1353 et
588 1314 883 1370 gravabantur
915 1328 1066 1353 eorum
1103 1312 1338 1352 memoriae
1374 1320 1415 1352 et
1451 1312 1730 1369 ingeniorum

240 1390 354 1430 acies
379 1390 662 1449 frangebatur
687 1407 695 1430 z
729 1390 890 1446 duplex
912 1388 1132 1445 ejusmodi
1155 1389 1351 1429 culturae
1383 1389 1726 1430 incommodum.

242 1466 370 1518 Quod
411 1467 447 1507 si
488 1467 586 1523 quis
632 1467 789 1507 horum
831 1482 982 1507 causas
1026 1466 1283 1522 reperierit,
1323 1465 1601 1507 manifestum
1640 1468 1729 1523 jam

241 1544 323 1584 erit
353 1543 603 1584 duodecimi
632 1544 795 1584 saeculi
828 1543 1116 1584 litteraturam
1145 1558 1225 1583 nec
1248 1543 1352 1583 satis
1377 1550 1606 1592 maturam,
1632 1558 1728 1583 cum

240 1621 410 1661 ratione
454 1620 571 1661 nulla
611 1630 685 1662 aut
722 1620 956 1677 disciplina
998 1636 1074 1661 usa
1114 1620 1186 1671 sit,
1229 1610 1468 1671 exstitisse,
1507 1635 1587 1661 nec
1625 1620 1729 1661 satis

235 1698 419 1754 juvenili
447 1698 603 1739 ardore
633 1698 842 1757 viguisse,
873 1713 972 1738 cum
1006 1712 1094 1738 non
1128 1706 1201 1738 aut
1229 1697 1362 1738 animi
1395 1697 1633 1753 impetibus
1657 1706 1730 1738 aut

239 1775 407 1833 ingenii
435 1775 753 1832 cupiditatibus
784 1774 1037 1816 indulserit.

298 1853 411 1893 Haec
456 1861 498 1893 et
535 1852 579 1892 in
616 1851 832 1895 Walterio
871 1860 1021 1892 nostro
1055 1852 1368 1902 observantur,
1405 1867 1504 1892 nam
1538 1851 1729 1908 primum

239 1930 388 1971 neseio
411 1929 516 1987 quid
541 1929 735 1986 juvenile
768 1929 933 1970 habere
961 1928 1149 1978 videtur,
1182 1928 1283 1969 dum
1317 1928 1509 1987 ingenue
1537 1927 1730 1969 ostendit

239 2008 384 2048 onmia
414 2023 524 2064 quae
553 2006 709 2047 didicit
737 2022 758 2047 e
781 2006 930 2055 libris;
961 2032 1018 2035 —
1040 2022 1120 2046 nec
1148 2014 1293 2046 tamen
1323 2021 1369 2046 ea
1398 2005 1442 2045 in
1469 2005 1728 2062 sanguinem

239 2101 287 2125 ae
333 2100 490 2125 nervos
539 2083 720 2124 immisit
767 2083 823 2124 ita
867 2091 914 2123 ut
953 2083 1126 2139 possint
1167 2098 1263 2123 eum
1304 2081 1358 2122 ad
1404 2097 1513 2123 nova
1548 2082 1728 2139 propria

239 2161 408 2219 ingenii
435 2162 475 2202 vi
503 2161 639 2211 ferre3
669 2186 726 2191 —
753 2175 833 2201 nec
867 2175 936 2200 res
965 2175 1015 2200 ex
1048 2159 1205 2200 ordine
1238 2174 1458 2216 exponere
1486 2158 1616 2209 valet,
1648 2175 1728 2200 nec

239 2239 430 2279 breviter
459 2238 721 2279 contrahere
756 2253 803 2278 ac
837 2236 1076 2294 diligenter
1104 2236 1351 2293 exprimere
1378 2261 1436 2266 —
1462 2235 1575 2277 Dein
1610 2236 1728 2277 desi-

239 2316 392 2357 derare
428 2331 581 2372 posses
621 2315 836 2358 walterio
877 2313 1043 2371 aliquid
1075 2313 1314 2370 juvenilius
1348 2313 1508 2364 inesse,
1545 2329 1642 2354 cum
1683 2314 1726 2354 in

238 2392 469 2433 sententiis
501 2393 644 2432 minus
673 2390 910 2448 singularis
946 2390 1017 2441 sit,
1052 2390 1094 2430 in
1124 2406 1270 2431 rerum
1300 2390 1554 2431 inventione
1582 2390 1727 2431 minus

234 2469 478 2510 abundans.
505 2469 560 2510 At
588 2468 854 2509 narrationis
878 2475 969 2508 arte
989 2475 1062 2508 aut
1088 2482 1215 2508 nemo
1240 2476 1313 2509 aut
1337 2467 1580 2511 Walterius
1601 2467 1728 2524 Map-

236 2547 334 2603 pius
363 2545 553 2587 excellit.

294 2624 495 2671 Miratur,
522 2622 559 2663 si
581 2621 679 2678 quis
710 2620 833 2678 legit,
858 2619 1138 2670 XValterium,
1170 2621 1213 2660 in
1243 2620 1357 2661 libro
1381 2636 1459 2661 suo
1486 2622 1546 2662 De
1567 2621 1723 2677 Nugis,

231 2703 320 2757 jam
344 2701 395 2741 ab
424 2700 550 2741 initio
578 2707 620 2740 et
648 2697 847 2739 obscuris
881 2706 923 2738 et
950 2697 1094 2755 longis
1124 2697 1512 2739 dissertationibus
1542 2697 1726 2738 liberius

236 2777 468 2837 indulgere
485 2785 527 2818 et
549 2775 832 2817 citationibus
849 2775 993 2815 minus
1016 2774 1253 2815 abstinere.
1283 2774 1428 2816 Sentit
1448 2773 1563 2815 enim
1587 2773 1727 2816 lector

233 2854 418 2911 juvenili
468 2853 677 2911 scriptori
722 2868 850 2893 curae
900 2852 1111 2892 continuo
1157 2867 1268 2903 esse,
1319 2851 1539 2909 quomodo
1585 2851 1726 2908 possit
