1873 3329
587 950 1056 1005 PRAEFATIO

133 1273 478 1332 Incipientibus
528 1273 667 1316 nobis
715 1283 759 1317 ct
813 1288 932 1331 opus
986 1272 1104 1315 illud
1153 1270 1561 1331 aggredientibus

74 1360 202 1404 nulla
237 1363 461 1420 jactantia
505 1362 655 1410 subit:
701 1377 787 1405 nec
828 1366 1010 1404 temere
1053 1360 1410 1410 contendimus,
1454 1374 1560 1402 cum

69 1457 163 1492 tam
198 1450 403 1494 obscura
439 1452 500 1495 sit
540 1452 679 1509 origo
721 1451 1011 1509 scriptorum
1044 1450 1237 1493 illorum
1277 1464 1396 1507 quae
1436 1448 1558 1490 dicta

71 1548 183 1583 sunt
223 1542 418 1583 Romans
456 1543 508 1582 de
548 1541 592 1582 la
638 1541 767 1582 Table
806 1541 972 1592 Honde,
1014 1541 1227 1582 Poemata
1282 1540 1559 1586 moliar-dica,

68 1626 243 1671 claram
266 1628 423 1671 lucem
446 1628 520 1672 his
543 1628 800 1671 admovere
826 1643 913 1670 nos
938 1643 1098 1687 posse.
1124 1627 1378 1671 Voluimus
1402 1635 1559 1670 tamen

68 1717 275 1775 primum
316 1725 529 1776 tempora
573 1717 650 1760 illa
687 1717 951 1774 aetatisque
990 1716 1123 1759 illius
1165 1731 1324 1758 mores
1367 1714 1562 1757 brevius

67 1805 303 1859 invi'sere3
334 1806 464 1856 dein,
497 1806 625 1864 quod
647 1821 788 1848 nemo
814 1820 1021 1863 unquam
1045 1821 1201 1863 neque
1223 1804 1348 1864 apud
1371 1802 1562 1862 Anglos

69 1909 225 1953 neque
272 1894 395 1953 apud
451 1894 618 1937 Gallos
666 1894 881 1946 tentavit,
931 1909 1070 1936 nemo
1118 1893 1243 1952 apud
1289 1894 1560 1935 Germanos

70 1997 278 2041 unquam
325 1983 518 2042 plenius
563 1983 793 2034 ostendit,
829 1983 985 2025 onmia
1029 1998 1149 2041 quae
1187 1982 1245 2025 de
1284 1982 1375 2025 vita
1420 1989 1559 2038 atquc

69 2070 301 2130 operibus
329 2071 554 2118 VValterii
577 2072 755 2130 Mappii
780 2079 1044 2130 supersunt
1065 2071 1111 2113 in
1143 2086 1288 2113 unum
1319 2069 1554 2112 conferre.

67 2160 224 2216 Quare
266 2161 524 2219 praecipue
553 2160 664 2203 huic
706 2159 848 2212 libro,
894 2161 974 2218 qui
1019 2161 1082 2201 De
1133 2160 1273 2217 Nugis
1322 2157 1556 2199 curialium

70 2248 368 2301 inscribitur,
405 2249 714 2292 incubuimus
751 2265 759 2291 τ
796 2250 931 2291 visus
964 2249 1092 2291 enim
1126 2247 1266 2291 nobis
1302 2255 1374 2289 est
1413 2248 1558 2288 Deca-

68 2353 235 2381 meron
267 2337 367 2389 ille,
394 2339 473 2397 qui
497 2340 596 2397 jam
625 2338 914 2381 duodecimo
939 2336 1133 2380 saeculo
1164 2337 1374 2394 scriptus
1399 2343 1487 2386 cst,
1514 2343 1558 2376 ct

66 2427 301 2486 temporis
336 2426 468 2470 illius
510 2436 555 2470 et
595 2427 849 2486 scriptoris
892 2426 1043 2469 nostri
1088 2440 1247 2467 mores
1289 2423 1556 2468 illustrare:

66 2515 202 2558 visus
225 2515 351 2559 idem
376 2524 450 2559 est
471 2515 615 2558 fidem
643 2524 783 2574 atquc
814 2515 1145 2558 auctoritatem
1171 2513 1361 2556 illorum
1386 2510 1558 2553 consil·-

70 2619 198 2647 mare
232 2605 328 2664 qui,
369 2613 415 2648 ut
451 2605 710 2647 memoriae
747 2604 987 2662 proditum
1031 2612 1119 2653 est,
1158 2602 1394 2648 &Valtcrio
1429 2600 1555 2642 attri—

67 2691 220 2736 buunt
255 2692 439 2735 fabulas
472 2693 700 2751 quasdam
740 2692 895 2735 soluta
934 2692 1148 2734 oratione
1187 2698 1405 2732 tractatas
1446 2704 1554 2745 pov-

65 2790 283 2840 mataque
320 2796 488 2840 aspera
524 2789 569 2824 et
604 2781 857 2831 maledica,
893 2795 1011 2838 quac
1044 2779 1121 2821 alii
1160 2778 1264 2821 aliis
1303 2778 1547 2835 imputant.
