1842 3288
279 294 318 323 20
772 297 821 322 DE
856 294 1080 322 WALTERIO
1114 294 1269 319 MAPPIO

280 393 475 425 crrantcs
501 383 686 438 judices,
725 390 950 422 exactores
982 381 1180 428 nimium,
1213 395 1486 436 cernensque
1517 381 1763 437 periculum

280 478 330 502 ex
352 461 552 517 pluribus
571 459 795 515 judicibus
821 466 938 498 certe
965 466 1237 508 eventurum,
1265 457 1415 498 statuit
1437 472 1588 498 omnes
1611 474 1763 499 causas

274 538 471 593 justitiae
513 535 649 593 regali
690 534 946 584 submissas,
992 534 1153 575 deferri
1198 550 1344 575 coram
1382 533 1552 574 duobus
1590 534 1763 576 clericis

278 615 506 670 tribusque
531 613 651 653 lal'cis
674 612 718 652 in
742 612 872 653 Curia
896 611 1013 669 regis
1036 611 1307 652 sedentibus.

338 693 506 731 Interea
540 706 635 730 cum
674 688 905 736 Henrieus,
941 688 1071 728 variis
1106 688 1336 738 dccretis¹,
1374 688 1458 728 sibi
1488 698 1763 745 compararet

277 767 514 809 exercitum
538 768 660 822 cujus
688 781 769 821 ope
793 780 887 806 sese
916 781 1114 806 securum
1146 764 1235 805 sore
1263 765 1496 815 sentiebat,
1521 766 1763 807 conabatur

277 844 421 893 simul,
452 843 688 899 episcopis,
724 841 995 898 presbyteris
1025 850 1066 881 et
1098 841 1322 881 monachis
1354 841 1396 881 in
1432 857 1565 882 unum
1600 842 1762 884 coadu-

276 921 402 971 natis,
426 919 624 960 militiam
649 934 803 958 novam
825 919 1052 975 acquirere
1076 934 1185 974 quac
1207 933 1390 975 regnum
1414 927 1696 959 sustentaret.

332 997 568 1038 Notissima
603 994 852 1036 Clarendon
882 995 1025 1051 capita
1054 994 1168 1035 clare
1197 994 1436 1035 ostendunt
1467 1011 1551 1052 qua
1585 1004 1761 1052 pateant

274 1083 441 1131 patrata
475 1073 705 1113 conamina
734 1080 780 1112 ut
815 1071 968 1113 Clerus
998 1071 1107 1128 Regi
1137 1072 1384 1126 subjaceret
1417 1080 1459 1112 et
1489 1073 1761 1114 minueretur

274 1151 442 1208 papalis
484 1149 736 1190 auctoritas.
782 1148 1121 1205 Archiepiscopi
1161 1156 1203 1188 et
1246 1148 1456 1205 Episcopi
1495 1148 1760 1190 officialibus

273 1228 407 1285 regiis
453 1226 635 1267 obedire
683 1226 972 1283 cogebantur,
1023 1224 1138 1265 foedi
1187 1225 1254 1267 sui
1298 1225 1528 1283 vectigalia
1571 1226 1756 1275 solvere,

269 1305 537 1360 judiciisque
573 1303 730 1344 Curiae
765 1302 927 1362 regalis
958 1302 1189 1351 interesse,
1223 1318 1311 1342 non
1352 1310 1497 1343 tamen
1534 1318 1630 1343 cum
1666 1319 1760 1344 sen-

234 1422 244 1428 ,
271 1383 408 1422 tentia
449 1380 646 1437 capitalis
685 1379 866 1420 serenda
900 1379 1056 1420 soret².
1094 1378 1183 1419 Illis
1218 1395 1306 1419 non
1344 1379 1505 1421 licebat
1538 1381 1664 1438 regni
1692 1380 1759 1422 lit-

270 1467 366 1499 tora
394 1458 598 1498 deserere
628 1457 735 1513 quin
763 1457 886 1513 prius
915 1457 1008 1497 Rex
1036 1456 1277 1503 annuisset,
1310 1465 1352 1496 et
1371 1458 1593 1512 jurassent
1623 1457 1684 1498 nil
1713 1473 1758 1498 se

272 1535 500 1576 molituros
530 1533 647 1591 quod
676 1533 781 1591 quid
809 1533 958 1574 damni
987 1533 1097 1589 Regi
1126 1541 1275 1588 posset
1303 1531 1461 1574 afferre
1477 1534 1505 1574 ³.
1537 1535 1584 1574 In
1615 1533 1756 1575 causis

270 1612 597 1661 ecelesiasticis,
647 1610 870 1667 appellare
914 1618 1119 1667 poterant
1164 1609 1361 1666 episcopi
1413 1610 1467 1651 ad
1513 1611 1757 1668 archiepis-

270 1705 444 1746 copum,
484 1687 809 1745 archiepiscopi
857 1686 910 1727 ad
945 1687 1223 1743 episcopum,
1262 1702 1342 1727 nec
1376 1687 1474 1743 plus
1508 1687 1661 1728 ultra².
1701 1689 1758 1730 Ut

270 1775 413 1807 autem
460 1765 611 1806 talium
654 1763 902 1822 regularum
945 1764 1223 1804 observantia
1269 1763 1455 1822 vigeret,
1492 1780 1602 1821 quae
1655 1780 1757 1805 sane

270 1843 411 1900 palam
457 1844 599 1899 Papae
652 1841 866 1891 consiliis,
917 1840 969 1881 de
1017 1841 1176 1897 quibus
1224 1856 1355 1897 supra
1401 1841 1537 1882 locuti
1587 1857 1754 1893 sumus,

270 1920 560 1969 obsistebant,
592 1917 807 1959 Henricus
839 1918 959 1958 omni
987 1933 1069 1974 ope
1104 1918 1259 1958 enixus
1291 1926 1378 1967 est;
1415 1917 1500 1958 vim
1535 1918 1751 1968 adhibuit,

270 2005 316 2037 ut
337 2013 388 2037 ex
415 1996 597 2036 historia
619 1996 812 2036 Thomae
834 1995 998 2036 Becket
1019 2002 1213 2044 constat3
1239 1994 1480 2051 scriptores
1500 1994 1631 2035 etiam
1649 1994 1758 2035 ami-

270 2089 358 2124 cos,
384 2073 458 2129 qui
489 2072 740 2129 eloquentia
767 2071 986 2119 valebant,
1021 2070 1239 2120 adhibuit,
1265 2079 1312 2111 ut
1342 2072 1583 2112 Romanam
1608 2071 1756 2113 sedem

269 2152 450 2206 ejusque
474 2149 754 2190 fidelissimos
777 2148 1002 2203 adjutores
1024 2148 1354 2205 pessumdarct;
1374 2148 1614 2191 XValterius
1634 2149 1757 2205 Map-

270 2226 366 2282 pius
401 2226 501 2266 huic
533 2225 738 2266 audaciae
771 2225 984 2266 inserviit.
1027 2225 1155 2266 Circa
1190 2240 1338 2284 regem
1380 2225 1524 2265 stabat
1557 2224 1754 2282 gaudens

267 2312 357 2343 tota
401 2303 539 2343 infimi
576 2302 683 2343 cleri
721 2311 878 2350 turma,
930 2318 1039 2358 quae
1085 2311 1237 2343 contra
1278 2303 1440 2358 Papam
1484 2301 1754 2342 irascebatur

268 2388 448 2436 propter
470 2373 721 2436 frequentes
743 2379 797 2420 ad
819 2380 1001 2420 Romam
1030 2378 1365 2435 appellationes,
1392 2378 1470 2419 sed
1493 2378 1754 2434 praesertim

269 2458 368 2514 quia
396 2458 510 2513 Papa
540 2456 686 2497 omnia
713 2457 910 2497 tentabat
937 2464 983 2496 ut
1011 2455 1189 2513 Anglici
1217 2455 1465 2512 presbyteri
1491 2455 1544 2496 ad
1569 2455 1754 2496 caeliba-

267 2543 358 2574 tum
393 2549 486 2574 sese
520 2533 783 2589 reciperent.
814 2532 1014 2589 Anglicis
1050 2533 1165 2573 enim
1202 2532 1501 2589 praesbyteris
1531 2532 1755 2574 carissima

268 2619 359 2651 erat
384 2610 700 2651 concubinatus
729 2609 1017 2650 consuetudo.
1050 2608 1160 2649 Hinc
1193 2609 1418 2650 inventum
1447 2617 1527 2660 est,
1562 2617 1608 2650 ut
1637 2608 1754 2649 desi-

308 2720 336 2749 1.
360 2719 397 2748 Id
415 2723 464 2748 cst
490 2729 494 2747 :
521 2733 533 2744 «
555 2718 666 2758 grand
688 2720 816 2758 ecuage
838 2734 848 2743 ··
873 2723 905 2748 et
929 2733 941 2744 ι
966 2718 1183 2748 ordonnancc
1205 2717 1264 2747 des
1287 2728 1401 2747 armes
1422 2733 1449 2748 ι».

307 2768 337 2797 2.
359 2768 430 2796 Art.
458 2766 507 2796 11.

308 2816 338 2844 3.
360 2815 430 2843 Art.
455 2815 484 2843 [ι.

306 2862 336 2890 4.
359 2864 430 2890 Art.
451 2862 478 2889 S.
