1842 3288
287 336 345 365 ’172
782 340 831 364 DE
864 339 1088 365 WALTEMO
1124 338 1279 363 MAPPIO

286 435 425 465 torem
452 424 581 481 plane
608 424 797 481 signare,
841 424 1274 479 controversiamquc
1303 422 1417 463 inter
1454 423 1632 463 criticos
1660 422 1776 464 litte-

285 501 421 541 rarius
457 500 664 541 dirimere
698 501 905 542 Giraldus
942 499 1226 543 Cambrensis
1254 499 1296 539 in
1323 515 1488 539 summa
1512 500 1775 540 sententiam

283 577 482 634 proferre
530 578 747 618 recusavit
786 578 838 619 de
886 577 1219 619 authenticitate
1256 585 1504 632 poematum
1539 576 1776 617 latinorum

284 670 394 711 quae
430 654 560 710 vulgo
596 671 674 711 per
710 670 783 695 ora
824 655 1082 704 volitabant,
1130 662 1171 694 et
1212 669 1398 710 quorum
1436 653 1648 709 quaedam
1688 669 1778 694 om—

285 731 404 771 nium
429 731 608 772 minime
632 732 965 780 contumeliosa,
992 740 1033 772 at
1055 747 1140 772 non
1172 730 1351 770 minime
1374 730 1529 770 acerba
1557 730 1610 770 ab
1639 730 1776 787 ipsius

285 808 423 848 amico
452 809 523 851 W.
550 808 730 864 Mappio
755 809 917 865 scripta
943 817 1081 849 erant.

346 886 398 927 D.
431 885 487 925 du
520 885 647 926 Meril
678 885 751 941 qui
780 894 866 925 tam
900 886 1047 944 magni
1078 885 1264 925 faciebat
1288 884 1419 924 verba
1454 883 1623 925 Giraldi
1656 885 1777 926 Cam-

287 962 459 1001 brensis
492 961 635 1010 allata,
669 961 835 1001 nullum
872 970 943 1002 aut
974 962 1060 1002 sere
1094 961 1262 1001 nullum
1299 969 1569 1001 momentum
1605 961 1775 1002 tribue-

286 1038 359 1078 bat
381 1037 477 1078 aliis
501 1038 608 1078 locis
632 1054 761 1078 mann
786 1038 1067 1095 scriptorum,
1093 1038 1212 1078 litem
1230 1050 1374 1078 tamen
1399 1036 1773 1094 praecidentibus.

286 1116 333 1155 In
358 1131 544 1171 quorum
562 1115 871 1171 explanatione
896 1131 981 1155 non
1004 1131 1113 1172 opus
1137 1123 1201 1155 est
1223 1114 1406 1165 morari3
1426 1122 1492 1155 est
1513 1114 1628 1155 enim
1652 1114 1778 1155 testis

287 1192 463 1247 majoris
493 1191 721 1248 ponderis,
749 1208 769 1232 a
795 1193 845 1232 D.
876 1192 930 1232 du
961 1192 1089 1232 Meril
1120 1208 1205 1231 11011
1228 1192 1403 1241 citatus,
1435 1191 1508 1247 qui
1530 1192 1656 1232 testis
1685 1191 1778 1248 ipse

235 1305 246 1312 .
285 1269 356 1311 W.
394 1269 599 1324 Mappius
635 1277 714 1308 est.
752 1270 797 1309 In
832 1285 964 1325 opere
1003 1269 1063 1309 De
1095 1268 1236 1325 Nugis
1270 1269 1341 1310 ΧΥ.
1380 1268 1583 1325 Mappius
1617 1268 1778 1325 passim

286 1354 440 1402 poetae
458 1345 538 1385 sibi
564 1361 723 1385 nomen
740 1345 947 1386 vindicat.
968 1346 1085 1386 Alias
1103 1346 1315 1402 praecisis
1330 1345 1475 1385 verbis
1493 1361 1538 1386 se
1553 1346 1778 1386 Musarum

290 1422 556 1479 discipulum
585 1422 834 1478 profitetur.
870 1440 889 1460 «
922 1423 1028 1463 Cum
1057 1423 1108 1462 ab
1138 1421 1343 1462 omnibus
1372 1421 1488 1462 curis
1517 1422 1604 1462 sint
1632 1438 1779 1463 musae

291 1498 484 1556 refugae,
514 1507 708 1539 nostram
739 1515 869 1556 super
896 1515 1048 1539 omnes
1071 1499 1426 1554 objuraverunt¹.
1454 1516 1475 1538 1)
1501 1516 1522 1537 ((
1553 1498 1703 1540 Timeo
1725 1514 1779 1540 ne

292 1576 447 1616 seceris
472 1575 523 1616 de
547 1576 725 1616 1101111110
748 1577 934 1623 asinum,
961 1592 1089 1632 quem
1113 1576 1328 1616 debueras
1352 1575 1493 1616 facere
1514 1584 1689 1632 poetam
1707 1577 1736 1617 ².
1757 1593 1778 1615 »

289 1653 407 1693 Alias
447 1653 645 1709 queritur
683 1653 800 1709 quod
841 1668 927 1693 non
967 1653 1051 1693 sibi
1091 1653 1146 1694 sit
1182 1652 1259 1693 otii
1295 1652 1400 1693 satis
1434 1652 1487 1693 ad
1521 1652 1779 1693 scribendos

291 1745 456 1769 versus.
492 1748 511 1767 «
545 1730 730 1781 Quietae
766 1730 923 1770 mentis
957 1739 1037 1780 est,
1075 1739 1116 1770 et
1149 1729 1201 1770 ad
1230 1745 1364 1770 unum
1396 1729 1524 1769 simul
1552 1729 1776 1780 collectae,

289 1807 472 1862 poetari.
500 1807 651 1847 Totam
680 1807 833 1847 volunt
861 1816 903 1847 et
924 1815 1060 1847 tutam
1089 1822 1184 1847 eum
1212 1806 1467 1847 assiduitate
1496 1806 1781 1847 residentiam

288 1892 442 1940 poetae
472 1891 513 1923 et
539 1899 625 1923 11011
656 1883 838 1940 prodest
864 1884 1055 1940 optimus
1084 1883 1283 1940 corporis
1313 1892 1354 1924 et
1382 1899 1528 1924 rerum
1559 1891 1712 1932 status,
1746 1883 1781 1924 si

289 1976 375 2000 non
400 1960 532 2001 suerit
555 1961 726 2001 interna
751 1977 856 2017 pace
878 1960 1148 2017 tranquillus
1173 1960 1364 2011 animus;
1385 1960 1503 2001 unde
1525 1976 1613 2001 non
1637 1960 1781 2001 minus

288 2053 309 2077 a
345 2053 411 2077 me
450 2037 596 2093 poscis
629 2037 886 2078 miraculum
920 2038 1040 2088 111110,
1072 2037 1244 2078 scilicet
1273 2037 1497 2078 hominem
1528 2037 1709 2078 idiotam
1740 2046 1782 2078 et

288 2114 541 2170 imperitum
566 2115 775 2164 scribere,
803 2130 931 2171 quam
955 2115 991 2155 si
1013 2115 1066 2154 ab
1091 2114 1269 2155 alterius
1291 2114 1671 2174 Nabogodonosot·
1696 2114 1783 2155 for—

291 2206 394 2231 nace
434 2207 567 2231 novos
614 2207 773 2247 pueros
814 2200 990 2232 eantare
1022 2192 1221 2247 jubeas³.
1265 2209 1286 2230 »
1324 2191 1443 2232 Alias
1478 2199 1782 2248 paupertatem

290 2268 570 2319 lamentatur,
598 2286 617 2306 ‹<
644 2268 760 2324 quia,
795 2268 955 2325 inquit,
980 2284 1147 2325 pauper
1176 2277 1302 2324 poeta
1326 2269 1468 2309 nescit
1496 2277 1619 2309 antra
1642 2284 1783 2309 musa-

291 2360 385 2385 rum
402 2346 414 2364 4
439 2362 477 2383 ».
504 2346 552 2385 In
575 2345 660 2385 alio
685 2344 877 2402 denique
900 2345 996 2386 1000
1019 2345 1168 2402 culpat
1191 2353 1374 2386 aetatem
1397 2353 1616 2404 agrestem
1638 2345 1783 2387 rudio-

290 2437 470 2477 remque
509 2437 637 2478 quam
675 2430 719 2462 ut
753 2422 797 2462 in
828 2438 875 2463 ea
912 2423 1055 2478 pretio
1085 2422 1330 2463 habeantur
1365 2437 1523 2463 canora
1559 2430 1602 2463 et
1637 2421 1784 2480 lepida

289 2499 499 2538 carmina.
523 2515 542 2537 «
563 2499 671 2539 Cum
692 2499 798 2539 orbe
822 2499 1027 2540 incitatae
1043 2507 1144 2539 sunt
1160 2514 1324 2550 musae,
1344 2501 1486 2556 etjam
1502 2514 1590 2540 non
1609 2507 1784 2556 oportet

291 2574 343 2614 ab
367 2574 507 2615 antris
537 2590 684 2615 earum
714 2575 854 2632 loqui,
884 2591 963 2616 nec
993 2576 1045 2616 iis
1068 2575 1234 2634 regulis
1260 2576 1417 2616 artium
1443 2576 1642 2617 a1·ctari⁵'’.
1670 2593 1691 2616 ))

329 2697 358 2726 1.
382 2696 418 2728 P.
443 2697 513 2727 141.

351 2766 358 2773 .
381 2744 418 2775 P.
441 2744 493 2775 19.

353 2815 359 2821 .
383 2791 417 2821 P.
438 2791 490 2827 14,
518 2791 589 2822 141.

355 2862 361 2868 .
386 2839 420 2868 P.
441 2838 512 2869 107.

356 2908 361 2914 .
388 2885 422 2914 P.
451 2885 507 2915 147
533 2886 689 2925 (Antram
701 2887 723 2926 Ρ)

328 2745 349 2913 vva-*0:13
