<?xml version="1.0" encoding="UTF-8"?>
<!DOCTYPE html PUBLIC "-//W3C//DTD XHTML 1.0 Transitional//EN"
    "http://www.w3.org/TR/xhtml1/DTD/xhtml1-transitional.dtd">
<html xmlns="http://www.w3.org/1999/xhtml" xml:lang="en" lang="en">
 <head>
  <title>
</title>
<meta http-equiv="Content-Type" content="text/html;charset=utf-8" />
  <meta name='ocr-system' content='tesseract 3.04.00' />
  <meta name='ocr-capabilities' content='ocr_page ocr_carea ocr_par ocr_line ocrx_word'/>
</head>
<body>
  <div class='ocr_page' id='page_1' title='image "./dewalteriomappio00barduoft_0105.png"; bbox 0 0 1873 3329; ppageno 0'>
   <div class='ocr_carea' id='block_1_1' title="bbox 1336 0 1855 2">
    <p class='ocr_par' dir='ltr' id='par_1_1' title="bbox 1336 0 1855 2">
     <span class='ocr_line' id='line_1_1' title="bbox 1336 0 1855 2; baseline 0 0"><span class='ocrx_word' id='word_1_1' title='bbox 1336 0 1855 2; x_wconf 95' lang='lat' dir='ltr'> </span> 
     </span>
    </p>
   </div>
   <div class='ocr_carea' id='block_1_2' title="bbox 0 0 193 201">
    <p class='ocr_par' dir='ltr' id='par_1_2' title="bbox 0 0 193 201">
     <span class='ocr_line' id='line_1_2' title="bbox 0 0 193 158; baseline 0 -136"><span class='ocrx_word' id='word_1_2' title='bbox 0 0 141 158; x_wconf 61' lang='grc' dir='ltr'>Γ</span> <span class='ocrx_word' id='word_1_3' title='bbox 185 15 193 22; x_wconf 57' lang='lat' dir='ltr'>s</span> 
     </span>
     <span class='ocr_line' id='line_1_3' title="bbox 82 60 91 67; baseline 0 0"><span class='ocrx_word' id='word_1_4' title='bbox 82 60 91 67; x_wconf 73' lang='grc' dir='ltr'>ι</span> 
     </span>
     <span class='ocr_line' id='line_1_4' title="bbox 17 188 26 201; baseline 0 0"><span class='ocrx_word' id='word_1_5' title='bbox 17 188 26 201; x_wconf 70' lang='lat'>0</span> 
     </span>
    </p>
   </div>
   <div class='ocr_carea' id='block_1_3' title="bbox 376 353 1590 383">
    <p class='ocr_par' dir='ltr' id='par_1_3' title="bbox 376 353 1590 383">
     <span class='ocr_line' id='line_1_5' title="bbox 376 353 1590 383; baseline -0.001 -2"><span class='ocrx_word' id='word_1_6' title='bbox 376 357 425 382; x_wconf 74' lang='lat' dir='ltr'>DE</span> <span class='ocrx_word' id='word_1_7' title='bbox 461 357 624 382; x_wconf 68' lang='lat' dir='ltr'>nomxr.</span> <span class='ocrx_word' id='word_1_8' title='bbox 657 358 706 383; x_wconf 73' lang='lat' dir='ltr'>Ac</span> <span class='ocrx_word' id='word_1_9' title='bbox 745 357 793 383; x_wconf 78' lang='lat' dir='ltr'>DE</span> <span class='ocrx_word' id='word_1_10' title='bbox 828 357 992 382; x_wconf 72' lang='lat' dir='ltr'>vmlnus</span> <span class='ocrx_word' id='word_1_11' title='bbox 1027 357 1324 383; x_wconf 70' lang='lat' dir='ltr'>coolTATloxis</span> <span class='ocrx_word' id='word_1_12' title='bbox 1553 353 1590 381; x_wconf 68' lang='lat'>⁸9</span> 
     </span>
    </p>
   </div>
   <div class='ocr_carea' id='block_1_4' title="bbox 95 441 1592 2651">
    <p class='ocr_par' dir='ltr' id='par_1_4' title="bbox 95 441 1592 2651">
     <span class='ocr_line' id='line_1_6' title="bbox 101 441 1591 501; baseline -0.002 -17"><span class='ocrx_word' id='word_1_13' title='bbox 101 443 175 501; x_wconf 92' lang='lat' dir='ltr'>qui</span> <span class='ocrx_word' id='word_1_14' title='bbox 209 441 439 483; x_wconf 73' lang='lat' dir='ltr'>videantur</span> <span class='ocrx_word' id='word_1_15' title='bbox 475 443 510 482; x_wconf 81' lang='lat' dir='ltr'>ei</span> <span class='ocrx_word' id='word_1_16' title='bbox 545 443 594 482; x_wconf 87' lang='lat' dir='ltr'>ad</span> <span class='ocrx_word' id='word_1_17' title='bbox 640 444 775 483; x_wconf 78' lang='lat' dir='ltr'>Deum</span> <span class='ocrx_word' id='word_1_18' title='bbox 813 443 995 499; x_wconf 79' lang='lat' dir='ltr'>propius</span> <span class='ocrx_word' id='word_1_19' title='bbox 1033 442 1256 483; x_wconf 86' lang='lat' dir='ltr'>accedere.</span> <span class='ocrx_word' id='word_1_20' title='bbox 1290 441 1405 494; x_wconf 82' lang='lat' dir='ltr'>Quid</span> <span class='ocrx_word' id='word_1_21' title='bbox 1439 441 1560 498; x_wconf 87' lang='lat' dir='ltr'>plura</span> <span class='ocrx_word' id='word_1_22' title='bbox 1575 444 1591 481; x_wconf 74' lang='lat'>&#39;.&#39;</span> 
     </span>
     <span class='ocr_line' id='line_1_7' title="bbox 100 517 1591 576; baseline -0.001 -16"><span class='ocrx_word' id='word_1_23' title='bbox 100 519 206 573; x_wconf 83' lang='lat' dir='ltr'>Quis</span> <span class='ocrx_word' id='word_1_24' title='bbox 241 518 413 561; x_wconf 78' lang='lat' dir='ltr'>dubitet</span> <span class='ocrx_word' id='word_1_25' title='bbox 444 519 481 559; x_wconf 79' lang='lat' dir='ltr'>ei</span> <span class='ocrx_word' id='word_1_26' title='bbox 514 519 710 559; x_wconf 80' lang='lat' dir='ltr'>eaindem</span> <span class='ocrx_word' id='word_1_27' title='bbox 743 519 875 559; x_wconf 83' lang='lat' dir='ltr'>fuisse</span> <span class='ocrx_word' id='word_1_28' title='bbox 907 518 1051 567; x_wconf 68' lang='lat' dir='ltr'>sula-m,</span> <span class='ocrx_word' id='word_1_29' title='bbox 1081 536 1190 576; x_wconf 80' lang='lat' dir='ltr'>quae</span> <span class='ocrx_word' id='word_1_30' title='bbox 1222 519 1300 559; x_wconf 83' lang='lat' dir='ltr'>suit</span> <span class='ocrx_word' id='word_1_31' title='bbox 1335 517 1591 575; x_wconf 72' lang='lat' dir='ltr'>aequalibus</span> 
     </span>
     <span class='ocr_line' id='line_1_8' title="bbox 99 595 1592 652; baseline 0 -16"><span class='ocrx_word' id='word_1_32' title='bbox 99 597 208 652; x_wconf 71' lang='lat' dir='ltr'>eJuS‚</span> <span class='ocrx_word' id='word_1_33' title='bbox 258 611 373 642; x_wconf 80' lang='lat' dir='ltr'>cum,</span> <span class='ocrx_word' id='word_1_34' title='bbox 415 595 574 636; x_wconf 74' lang='lat' dir='ltr'>librum</span> <span class='ocrx_word' id='word_1_35' title='bbox 615 612 737 636; x_wconf 88' lang='lat' dir='ltr'>suum</span> <span class='ocrx_word' id='word_1_36' title='bbox 788 596 849 635; x_wconf 66' lang='lat' dir='ltr'>lh»</span> <span class='ocrx_word' id='word_1_37' title='bbox 887 595 1026 651; x_wconf 53' lang='lat' dir='ltr'>Nagia·</span> <span class='ocrx_word' id='word_1_38' title='bbox 1067 595 1167 635; x_wconf 87' lang='lat' dir='ltr'>dum</span> <span class='ocrx_word' id='word_1_39' title='bbox 1212 596 1404 645; x_wconf 76' lang='lat' dir='ltr'>inchoet,</span> <span class='ocrx_word' id='word_1_40' title='bbox 1454 595 1592 636; x_wconf 88' lang='lat' dir='ltr'>sancti</span> 
     </span>
     <span class='ocr_line' id='line_1_9' title="bbox 98 671 1590 729; baseline 0 -16"><span class='ocrx_word' id='word_1_41' title='bbox 98 672 334 728; x_wconf 73' lang='lat' dir='ltr'>Augustini</span> <span class='ocrx_word' id='word_1_42' title='bbox 367 673 668 712; x_wconf 87' lang='lat' dir='ltr'>testimonium</span> <span class='ocrx_word' id='word_1_43' title='bbox 698 672 889 720; x_wconf 71' lang='lat' dir='ltr'>invocet,</span> <span class='ocrx_word' id='word_1_44' title='bbox 921 671 1067 712; x_wconf 83' lang='lat' dir='ltr'>laudet</span> <span class='ocrx_word' id='word_1_45' title='bbox 1107 672 1301 712; x_wconf 80' lang='lat' dir='ltr'>liniendo</span> <span class='ocrx_word' id='word_1_46' title='bbox 1334 688 1430 712; x_wconf 90' lang='lat' dir='ltr'>eum</span> <span class='ocrx_word' id='word_1_47' title='bbox 1465 690 1484 710; x_wconf 91' lang='lat'>«</span> <span class='ocrx_word' id='word_1_48' title='bbox 1517 672 1590 729; x_wconf 85' lang='lat' dir='ltr'>qui</span> 
     </span>
     <span class='ocr_line' id='line_1_10' title="bbox 101 748 1589 805; baseline -0.001 -15"><span class='ocrx_word' id='word_1_49' title='bbox 101 748 223 790; x_wconf 85' lang='lat' dir='ltr'>sedet</span> <span class='ocrx_word' id='word_1_50' title='bbox 252 765 383 805; x_wconf 89' lang='lat' dir='ltr'>super</span> <span class='ocrx_word' id='word_1_51' title='bbox 415 749 622 790; x_wconf 81' lang='lat' dir='ltr'>thronum</span> <span class='ocrx_word' id='word_1_52' title='bbox 657 757 696 789; x_wconf 90' lang='lat' dir='ltr'>et</span> <span class='ocrx_word' id='word_1_53' title='bbox 728 748 945 804; x_wconf 83' lang='lat' dir='ltr'>judicabit</span> <span class='ocrx_word' id='word_1_54' title='bbox 969 749 1210 804; x_wconf 82' lang='lat' dir='ltr'>jnstitiam¹</span> <span class='ocrx_word' id='word_1_55' title='bbox 1242 767 1281 795; x_wconf 87' lang='lat'>»,</span> <span class='ocrx_word' id='word_1_56' title='bbox 1320 749 1406 789; x_wconf 86' lang='lat' dir='ltr'>imo</span> <span class='ocrx_word' id='word_1_57' title='bbox 1435 748 1589 789; x_wconf 79' lang='lat' dir='ltr'>eredu-</span> 
     </span>
     <span class='ocr_line' id='line_1_11' title="bbox 102 825 1586 882; baseline 0 -17"><span class='ocrx_word' id='word_1_58' title='bbox 102 825 253 866; x_wconf 88' lang='lat' dir='ltr'>liorem</span> <span class='ocrx_word' id='word_1_59' title='bbox 278 842 390 871; x_wconf 81' lang='lat' dir='ltr'>eum.</span> <span class='ocrx_word' id='word_1_60' title='bbox 423 842 509 866; x_wconf 92' lang='lat' dir='ltr'>non</span> <span class='ocrx_word' id='word_1_61' title='bbox 533 825 660 866; x_wconf 88' lang='lat' dir='ltr'>aliter</span> <span class='ocrx_word' id='word_1_62' title='bbox 689 841 736 865; x_wconf 80' lang='lat' dir='ltr'>ar</span> <span class='ocrx_word' id='word_1_63' title='bbox 766 825 985 882; x_wconf 83' lang='lat' dir='ltr'>aequales,</span> <span class='ocrx_word' id='word_1_64' title='bbox 1013 826 1203 866; x_wconf 81' lang='lat' dir='ltr'>habeant</span> <span class='ocrx_word' id='word_1_65' title='bbox 1231 825 1586 882; x_wconf 88' lang='lat' dir='ltr'>superstitiones.</span> 
     </span>
     <span class='ocr_line' id='line_1_12' title="bbox 101 901 1585 951; baseline 0.001 -9"><span class='ocrx_word' id='word_1_66' title='bbox 101 903 207 943; x_wconf 85' lang='lat' dir='ltr'>Nam</span> <span class='ocrx_word' id='word_1_67' title='bbox 232 901 504 950; x_wconf 76' lang='lat' dir='ltr'>miraculum,</span> <span class='ocrx_word' id='word_1_68' title='bbox 532 910 576 942; x_wconf 91' lang='lat' dir='ltr'>ut</span> <span class='ocrx_word' id='word_1_69' title='bbox 599 901 683 950; x_wconf 86' lang='lat' dir='ltr'>his,</span> <span class='ocrx_word' id='word_1_70' title='bbox 710 901 770 941; x_wconf 84' lang='grc' dir='ltr'><strong>5ἱο</strong></span> <span class='ocrx_word' id='word_1_71' title='bbox 794 910 835 942; x_wconf 85' lang='lat' dir='ltr'>et</span> <span class='ocrx_word' id='word_1_72' title='bbox 861 901 941 951; x_wconf 76' lang='lat' dir='ltr'>illi,</span> <span class='ocrx_word' id='word_1_73' title='bbox 968 902 1077 942; x_wconf 91' lang='lat' dir='ltr'>nihil</span> <span class='ocrx_word' id='word_1_74' title='bbox 1102 903 1258 942; x_wconf 88' lang='lat' dir='ltr'>mirum</span> <span class='ocrx_word' id='word_1_75' title='bbox 1282 901 1454 942; x_wconf 68' lang='lat' dir='ltr'>videtur</span> <span class='ocrx_word' id='word_1_76' title='bbox 1476 918 1585 943; x_wconf 90' lang='grc'><strong>0550.</strong></span> 
     </span>
     <span class='ocr_line' id='line_1_13' title="bbox 101 978 1588 1038; baseline -0.001 -18"><span class='ocrx_word' id='word_1_77' title='bbox 101 995 198 1020; x_wconf 91' lang='lat' dir='ltr'>cum</span> <span class='ocrx_word' id='word_1_78' title='bbox 235 979 290 1019; x_wconf 85' lang='lat' dir='ltr'>sit</span> <span class='ocrx_word' id='word_1_79' title='bbox 323 979 545 1036; x_wconf 80' lang='lat' dir='ltr'>frequenS‚</span> <span class='ocrx_word' id='word_1_80' title='bbox 579 994 657 1018; x_wconf 84' lang='lat' dir='ltr'>nec</span> <span class='ocrx_word' id='word_1_81' title='bbox 687 987 772 1018; x_wconf 87' lang='lat' dir='ltr'>tam</span> <span class='ocrx_word' id='word_1_82' title='bbox 806 978 1043 1038; x_wconf 77' lang='lat' dir='ltr'>singularis</span> <span class='ocrx_word' id='word_1_83' title='bbox 1076 978 1219 1020; x_wconf 89' lang='lat' dir='ltr'>sabula</span> <span class='ocrx_word' id='word_1_84' title='bbox 1250 987 1452 1019; x_wconf 75' lang='lat' dir='ltr'>narratur</span> <span class='ocrx_word' id='word_1_85' title='bbox 1480 996 1588 1035; x_wconf 81' lang='lat' dir='ltr'>quae</span> 
     </span>
     <span class='ocr_line' id='line_1_14' title="bbox 101 1054 1590 1112; baseline -0.001 -16"><span class='ocrx_word' id='word_1_86' title='bbox 101 1064 243 1096; x_wconf 86' lang='lat' dir='ltr'>eareat</span> <span class='ocrx_word' id='word_1_87' title='bbox 267 1054 448 1095; x_wconf 88' lang='lat' dir='ltr'>credulo</span> <span class='ocrx_word' id='word_1_88' title='bbox 477 1054 694 1102; x_wconf 84' lang='lat' dir='ltr'>auditore,</span> <span class='ocrx_word' id='word_1_89' title='bbox 721 1055 902 1095; x_wconf 77' lang='lat' dir='ltr'>credulo</span> <span class='ocrx_word' id='word_1_90' title='bbox 917 1071 1000 1112; x_wconf 81' lang='lat' dir='ltr'>que</span> <span class='ocrx_word' id='word_1_91' title='bbox 1027 1056 1208 1112; x_wconf 86' lang='lat' dir='ltr'>quieam</span> <span class='ocrx_word' id='word_1_92' title='bbox 1233 1056 1390 1096; x_wconf 83' lang='lat' dir='ltr'>litteris</span> <span class='ocrx_word' id='word_1_93' title='bbox 1416 1056 1590 1096; x_wconf 90' lang='lat' dir='ltr'>mandet</span> 
     </span>
     <span class='ocr_line' id='line_1_15' title="bbox 99 1131 1590 1189; baseline -0.001 -17"><span class='ocrx_word' id='word_1_94' title='bbox 99 1132 330 1189; x_wconf 80' lang='lat' dir='ltr'>scriptore.</span> <span class='ocrx_word' id='word_1_95' title='bbox 377 1132 517 1188; x_wconf 86' lang='lat' dir='ltr'>Saepe</span> <span class='ocrx_word' id='word_1_96' title='bbox 559 1131 604 1171; x_wconf 80' lang='lat' dir='ltr'>fit</span> <span class='ocrx_word' id='word_1_97' title='bbox 639 1140 684 1172; x_wconf 89' lang='lat' dir='ltr'>ut</span> <span class='ocrx_word' id='word_1_98' title='bbox 726 1148 847 1172; x_wconf 90' lang='lat' dir='ltr'>mens</span> <span class='ocrx_word' id='word_1_99' title='bbox 891 1133 1116 1173; x_wconf 86' lang='lat' dir='ltr'>hominum</span> <span class='ocrx_word' id='word_1_100' title='bbox 1153 1149 1248 1173; x_wconf 86' lang='lat' dir='ltr'>cum</span> <span class='ocrx_word' id='word_1_101' title='bbox 1290 1149 1341 1173; x_wconf 84' lang='lat' dir='ltr'>ex</span> <span class='ocrx_word' id='word_1_102' title='bbox 1382 1132 1590 1172; x_wconf 68' lang='lat' dir='ltr'>infantiae</span> 
     </span>
     <span class='ocr_line' id='line_1_16' title="bbox 98 1207 1589 1267; baseline -0.001 -18"><span class='ocrx_word' id='word_1_103' title='bbox 98 1209 293 1250; x_wconf 87' lang='lat' dir='ltr'>tenebris</span> <span class='ocrx_word' id='word_1_104' title='bbox 335 1207 388 1249; x_wconf 87' lang='lat' dir='ltr'>ad</span> <span class='ocrx_word' id='word_1_105' title='bbox 423 1208 655 1249; x_wconf 84' lang='lat' dir='ltr'>clariorem</span> <span class='ocrx_word' id='word_1_106' title='bbox 688 1208 829 1249; x_wconf 80' lang='lat' dir='ltr'>lucem</span> <span class='ocrx_word' id='word_1_107' title='bbox 866 1217 1089 1267; x_wconf 80' lang='lat' dir='ltr'>exsurgat,</span> <span class='ocrx_word' id='word_1_108' title='bbox 1127 1225 1364 1266; x_wconf 85' lang='lat' dir='ltr'>puerorum</span> <span class='ocrx_word' id='word_1_109' title='bbox 1401 1209 1589 1249; x_wconf 90' lang='lat' dir='ltr'>retineat</span> 
     </span>
     <span class='ocr_line' id='line_1_17' title="bbox 98 1285 1592 1343; baseline -0.001 -17"><span class='ocrx_word' id='word_1_110' title='bbox 98 1285 315 1343; x_wconf 76' lang='lat' dir='ltr'>ignaviam</span> <span class='ocrx_word' id='word_1_111' title='bbox 339 1285 570 1342; x_wconf 85' lang='lat' dir='ltr'>quamdam</span> <span class='ocrx_word' id='word_1_112' title='bbox 600 1302 648 1326; x_wconf 88' lang='lat' dir='ltr'>ac</span> <span class='ocrx_word' id='word_1_113' title='bbox 670 1285 969 1326; x_wconf 79' lang='lat' dir='ltr'>timiditatem.</span> <span class='ocrx_word' id='word_1_114' title='bbox 995 1286 1114 1326; x_wconf 79' lang='lat' dir='ltr'>Mors</span> <span class='ocrx_word' id='word_1_115' title='bbox 1144 1285 1259 1326; x_wconf 88' lang='lat' dir='ltr'>enim</span> <span class='ocrx_word' id='word_1_116' title='bbox 1283 1285 1432 1331; x_wconf 77' lang='lat' dir='ltr'>instat,</span> <span class='ocrx_word' id='word_1_117' title='bbox 1458 1286 1592 1326; x_wconf 88' lang='lat' dir='ltr'>instat</span> 
     </span>
     <span class='ocr_line' id='line_1_18' title="bbox 98 1362 1585 1413; baseline -0.001 -10"><span class='ocrx_word' id='word_1_118' title='bbox 98 1371 141 1403; x_wconf 89' lang='lat' dir='ltr'>et</span> <span class='ocrx_word' id='word_1_119' title='bbox 168 1363 301 1410; x_wconf 87' lang='lat' dir='ltr'>Deus,</span> <span class='ocrx_word' id='word_1_120' title='bbox 327 1362 429 1403; x_wconf 88' lang='lat' dir='ltr'>dum</span> <span class='ocrx_word' id='word_1_121' title='bbox 453 1362 640 1403; x_wconf 89' lang='lat' dir='ltr'>credunt</span> <span class='ocrx_word' id='word_1_122' title='bbox 668 1378 763 1403; x_wconf 87' lang='lat' dir='ltr'>eum</span> <span class='ocrx_word' id='word_1_123' title='bbox 788 1362 950 1402; x_wconf 85' lang='lat' dir='ltr'>cotidie</span> <span class='ocrx_word' id='word_1_124' title='bbox 973 1363 1176 1403; x_wconf 86' lang='lat' dir='ltr'>humanis</span> <span class='ocrx_word' id='word_1_125' title='bbox 1199 1363 1331 1403; x_wconf 85' lang='lat' dir='ltr'>rebus</span> <span class='ocrx_word' id='word_1_126' title='bbox 1356 1363 1585 1413; x_wconf 81' lang='lat' dir='ltr'>interesse,</span> 
     </span>
     <span class='ocr_line' id='line_1_19' title="bbox 98 1439 1590 1497; baseline -0.001 -17"><span class='ocrx_word' id='word_1_127' title='bbox 98 1439 234 1480; x_wconf 89' lang='lat' dir='ltr'>instat</span> <span class='ocrx_word' id='word_1_128' title='bbox 265 1439 455 1497; x_wconf 88' lang='lat' dir='ltr'>denique</span> <span class='ocrx_word' id='word_1_129' title='bbox 484 1448 655 1491; x_wconf 80' lang='lat' dir='ltr'>natura,</span> <span class='ocrx_word' id='word_1_130' title='bbox 690 1441 813 1495; x_wconf 81' lang='lat' dir='ltr'>eujus</span> <span class='ocrx_word' id='word_1_131' title='bbox 842 1439 960 1497; x_wconf 74' lang='lat' dir='ltr'>leges</span> <span class='ocrx_word' id='word_1_132' title='bbox 992 1455 1144 1480; x_wconf 85' lang='lat' dir='ltr'>omnes</span> <span class='ocrx_word' id='word_1_133' title='bbox 1174 1440 1383 1497; x_wconf 85' lang='lat' dir='ltr'>ignorant</span> <span class='ocrx_word' id='word_1_134' title='bbox 1414 1456 1421 1479; x_wconf 87' lang='lat'>:</span> <span class='ocrx_word' id='word_1_135' title='bbox 1456 1455 1590 1496; x_wconf 86' lang='lat' dir='ltr'>quare</span> 
     </span>
     <span class='ocr_line' id='line_1_20' title="bbox 101 1515 1586 1573; baseline -0.001 -17"><span class='ocrx_word' id='word_1_136' title='bbox 101 1532 274 1573; x_wconf 79' lang='lat' dir='ltr'>semper</span> <span class='ocrx_word' id='word_1_137' title='bbox 311 1525 476 1567; x_wconf 89' lang='lat' dir='ltr'>errant,</span> <span class='ocrx_word' id='word_1_138' title='bbox 512 1532 590 1556; x_wconf 89' lang='lat' dir='ltr'>nee</span> <span class='ocrx_word' id='word_1_139' title='bbox 625 1516 863 1556; x_wconf 84' lang='lat' dir='ltr'>discrimen</span> <span class='ocrx_word' id='word_1_140' title='bbox 900 1515 1036 1557; x_wconf 89' lang='lat' dir='ltr'>ullum</span> <span class='ocrx_word' id='word_1_141' title='bbox 1070 1517 1114 1557; x_wconf 87' lang='lat' dir='ltr'>in</span> <span class='ocrx_word' id='word_1_142' title='bbox 1146 1516 1232 1557; x_wconf 90' lang='lat' dir='ltr'>ulla</span> <span class='ocrx_word' id='word_1_143' title='bbox 1268 1532 1329 1565; x_wconf 90' lang='lat' dir='ltr'>re,</span> <span class='ocrx_word' id='word_1_144' title='bbox 1363 1532 1438 1557; x_wconf 87' lang='lat' dir='ltr'>seu</span> <span class='ocrx_word' id='word_1_145' title='bbox 1472 1531 1586 1562; x_wconf 77' lang='lat' dir='ltr'>vera,</span> 
     </span>
     <span class='ocr_line' id='line_1_21' title="bbox 104 1592 1590 1634; baseline -0.002 0"><span class='ocrx_word' id='word_1_146' title='bbox 104 1609 178 1634; x_wconf 88' lang='lat' dir='ltr'>seu</span> <span class='ocrx_word' id='word_1_147' title='bbox 212 1592 409 1634; x_wconf 86' lang='lat' dir='ltr'>sabulosa</span> <span class='ocrx_word' id='word_1_148' title='bbox 443 1592 650 1634; x_wconf 85' lang='lat' dir='ltr'>afferunt.</span> <span class='ocrx_word' id='word_1_149' title='bbox 688 1593 803 1634; x_wconf 87' lang='lat' dir='ltr'>Satis</span> <span class='ocrx_word' id='word_1_150' title='bbox 837 1593 964 1634; x_wconf 86' lang='lat' dir='ltr'>nobis</span> <span class='ocrx_word' id='word_1_151' title='bbox 997 1601 1168 1634; x_wconf 84' lang='lat' dir='ltr'>constat</span> <span class='ocrx_word' id='word_1_152' title='bbox 1196 1593 1369 1634; x_wconf 88' lang='lat' dir='ltr'>easdem</span> <span class='ocrx_word' id='word_1_153' title='bbox 1399 1609 1448 1633; x_wconf 88' lang='lat' dir='ltr'>eo</span> <span class='ocrx_word' id='word_1_154' title='bbox 1480 1601 1590 1633; x_wconf 88' lang='lat' dir='ltr'>tem-</span> 
     </span>
     <span class='ocr_line' id='line_1_22' title="bbox 100 1668 1590 1727; baseline -0.001 -16"><span class='ocrx_word' id='word_1_155' title='bbox 100 1685 208 1727; x_wconf 85' lang='lat' dir='ltr'>pore</span> <span class='ocrx_word' id='word_1_156' title='bbox 224 1670 357 1711; x_wconf 87' lang='lat' dir='ltr'>fuisse</span> <span class='ocrx_word' id='word_1_157' title='bbox 379 1670 584 1711; x_wconf 89' lang='lat' dir='ltr'>omnibus</span> <span class='ocrx_word' id='word_1_158' title='bbox 606 1686 749 1720; x_wconf 83' lang='lat' dir='ltr'>curas,</span> <span class='ocrx_word' id='word_1_159' title='bbox 773 1686 869 1710; x_wconf 86' lang='lat' dir='ltr'>eum</span> <span class='ocrx_word' id='word_1_160' title='bbox 893 1686 981 1711; x_wconf 88' lang='lat' dir='ltr'>non</span> <span class='ocrx_word' id='word_1_161' title='bbox 1005 1686 1048 1711; x_wconf 85' lang='lat' dir='ltr'>se</span> <span class='ocrx_word' id='word_1_162' title='bbox 1073 1670 1125 1711; x_wconf 85' lang='lat' dir='ltr'>iis</span> <span class='ocrx_word' id='word_1_163' title='bbox 1149 1670 1409 1711; x_wconf 83' lang='lat' dir='ltr'>subduxerit</span> <span class='ocrx_word' id='word_1_164' title='bbox 1428 1669 1493 1710; x_wconf 72' lang='lat' dir='ltr'>vir</span> <span class='ocrx_word' id='word_1_165' title='bbox 1517 1668 1590 1709; x_wconf 85' lang='lat' dir='ltr'>ille</span> 
     </span>
     <span class='ocr_line' id='line_1_23' title="bbox 99 1747 1590 1806; baseline 0 -19"><span class='ocrx_word' id='word_1_166' title='bbox 99 1747 358 1805; x_wconf 79' lang='lat' dir='ltr'>ingeniosus</span> <span class='ocrx_word' id='word_1_167' title='bbox 390 1757 432 1788; x_wconf 89' lang='lat' dir='ltr'>et</span> <span class='ocrx_word' id='word_1_168' title='bbox 460 1748 620 1806; x_wconf 75' lang='lat' dir='ltr'>gravis,</span> <span class='ocrx_word' id='word_1_169' title='bbox 652 1747 892 1790; x_wconf 69' lang='lat' dir='ltr'>walterius</span> <span class='ocrx_word' id='word_1_170' title='bbox 926 1756 1091 1788; x_wconf 89' lang='lat' dir='ltr'>noster.</span> <span class='ocrx_word' id='word_1_171' title='bbox 1120 1748 1303 1788; x_wconf 82' lang='lat' dir='ltr'>Frustra</span> <span class='ocrx_word' id='word_1_172' title='bbox 1335 1755 1477 1788; x_wconf 87' lang='lat' dir='ltr'>autem</span> <span class='ocrx_word' id='word_1_173' title='bbox 1512 1761 1590 1803; x_wconf 83' lang='lat' dir='ltr'>per</span> 
     </span>
     <span class='ocr_line' id='line_1_24' title="bbox 99 1823 1589 1881; baseline -0.001 -17"><span class='ocrx_word' id='word_1_174' title='bbox 99 1824 255 1864; x_wconf 87' lang='lat' dir='ltr'>itinera</span> <span class='ocrx_word' id='word_1_175' title='bbox 272 1840 319 1864; x_wconf 89' lang='lat' dir='ltr'>ae</span> <span class='ocrx_word' id='word_1_176' title='bbox 334 1824 471 1865; x_wconf 84' lang='lat' dir='ltr'>libros</span> <span class='ocrx_word' id='word_1_177' title='bbox 485 1824 616 1881; x_wconf 82' lang='lat' dir='ltr'>longe</span> <span class='ocrx_word' id='word_1_178' title='bbox 634 1833 951 1880; x_wconf 78' lang='lat' dir='ltr'>pererraverat,</span> <span class='ocrx_word' id='word_1_179' title='bbox 969 1824 1128 1865; x_wconf 88' lang='lat' dir='ltr'>frustra</span> <span class='ocrx_word' id='word_1_180' title='bbox 1145 1825 1244 1865; x_wconf 80' lang='lat' dir='ltr'>freti</span> <span class='ocrx_word' id='word_1_181' title='bbox 1258 1824 1415 1865; x_wconf 88' lang='lat' dir='ltr'>Gallici</span> <span class='ocrx_word' id='word_1_182' title='bbox 1432 1823 1589 1864; x_wconf 82' lang='lat' dir='ltr'>fluetus</span> 
     </span>
     <span class='ocr_line' id='line_1_25' title="bbox 96 1901 1591 1958; baseline -0.001 -17"><span class='ocrx_word' id='word_1_183' title='bbox 96 1909 448 1942; x_wconf 77' lang='lat' dir='ltr'>transnataverat</span> <span class='ocrx_word' id='word_1_184' title='bbox 475 1902 768 1958; x_wconf 80' lang='lat' dir='ltr'>attigeratque</span> <span class='ocrx_word' id='word_1_185' title='bbox 800 1901 977 1957; x_wconf 76' lang='lat' dir='ltr'>Alpium</span> <span class='ocrx_word' id='word_1_186' title='bbox 1002 1902 1146 1950; x_wconf 85' lang='lat' dir='ltr'>nives;</span> <span class='ocrx_word' id='word_1_187' title='bbox 1173 1902 1333 1942; x_wconf 87' lang='lat' dir='ltr'>frustra</span> <span class='ocrx_word' id='word_1_188' title='bbox 1363 1917 1468 1941; x_wconf 89' lang='lat' dir='ltr'>usus</span> <span class='ocrx_word' id='word_1_189' title='bbox 1500 1908 1591 1941; x_wconf 85' lang='lat' dir='ltr'>erat</span> 
     </span>
     <span class='ocr_line' id='line_1_26' title="bbox 97 1977 1591 2035; baseline 0 -18"><span class='ocrx_word' id='word_1_190' title='bbox 97 1986 139 2018; x_wconf 90' lang='lat' dir='ltr'>et</span> <span class='ocrx_word' id='word_1_191' title='bbox 161 1978 370 2019; x_wconf 86' lang='lat' dir='ltr'>societate</span> <span class='ocrx_word' id='word_1_192' title='bbox 399 1978 626 2019; x_wconf 88' lang='lat' dir='ltr'>hominum</span> <span class='ocrx_word' id='word_1_193' title='bbox 659 1994 679 2018; x_wconf 90' lang='lat' dir='ltr'>e</span> <span class='ocrx_word' id='word_1_194' title='bbox 708 1978 840 2018; x_wconf 76' lang='lat' dir='ltr'>variis</span> <span class='ocrx_word' id='word_1_195' title='bbox 869 1978 1108 2035; x_wconf 85' lang='lat' dir='ltr'>generibus</span> <span class='ocrx_word' id='word_1_196' title='bbox 1143 1987 1358 2027; x_wconf 86' lang='lat' dir='ltr'>ortorum,</span> <span class='ocrx_word' id='word_1_197' title='bbox 1389 1986 1430 2018; x_wconf 88' lang='lat' dir='ltr'>et</span> <span class='ocrx_word' id='word_1_198' title='bbox 1458 1977 1591 2018; x_wconf 87' lang='lat' dir='ltr'>disci-</span> 
     </span>
     <span class='ocr_line' id='line_1_27' title="bbox 99 2053 1590 2113; baseline -0.001 -19"><span class='ocrx_word' id='word_1_199' title='bbox 99 2053 234 2110; x_wconf 89' lang='lat' dir='ltr'>plinis</span> <span class='ocrx_word' id='word_1_200' title='bbox 256 2055 461 2096; x_wconf 85' lang='lat' dir='ltr'>omnibus</span> <span class='ocrx_word' id='word_1_201' title='bbox 485 2055 574 2095; x_wconf 86' lang='lat' dir='ltr'>sive</span> <span class='ocrx_word' id='word_1_202' title='bbox 602 2054 991 2112; x_wconf 73' lang='lat' dir='ltr'>philosophorum,</span> <span class='ocrx_word' id='word_1_203' title='bbox 1017 2055 1106 2096; x_wconf 83' lang='lat' dir='ltr'>sive</span> <span class='ocrx_word' id='word_1_204' title='bbox 1129 2055 1476 2113; x_wconf 76' lang='lat' dir='ltr'>philologorum,</span> <span class='ocrx_word' id='word_1_205' title='bbox 1503 2054 1590 2094; x_wconf 79' lang='lat' dir='ltr'>sive</span> 
     </span>
     <span class='ocr_line' id='line_1_28' title="bbox 95 2130 1589 2189; baseline -0.001 -17"><span class='ocrx_word' id='word_1_206' title='bbox 95 2131 208 2188; x_wconf 88' lang='lat' dir='ltr'>juris</span> <span class='ocrx_word' id='word_1_207' title='bbox 244 2131 536 2189; x_wconf 87' lang='lat' dir='ltr'>interpretum</span> <span class='ocrx_word' id='word_1_208' title='bbox 575 2149 582 2172; x_wconf 76' lang='grc' dir='ltr'>ε</span> <span class='ocrx_word' id='word_1_209' title='bbox 620 2132 870 2173; x_wconf 87' lang='lat' dir='ltr'>illitteratos</span> <span class='ocrx_word' id='word_1_210' title='bbox 912 2132 1114 2173; x_wconf 88' lang='lat' dir='ltr'>homines</span> <span class='ocrx_word' id='word_1_211' title='bbox 1148 2141 1277 2188; x_wconf 83' lang='lat' dir='ltr'>atque</span> <span class='ocrx_word' id='word_1_212' title='bbox 1310 2131 1440 2172; x_wconf 85' lang='lat' dir='ltr'>rudes</span> <span class='ocrx_word' id='word_1_213' title='bbox 1473 2130 1589 2171; x_wconf 91' lang='lat' dir='ltr'>nulla</span> 
     </span>
     <span class='ocr_line' id='line_1_29' title="bbox 99 2207 1585 2267; baseline 0 -19"><span class='ocrx_word' id='word_1_214' title='bbox 99 2207 424 2250; x_wconf 81' lang='lat' dir='ltr'>incredulitatis</span> <span class='ocrx_word' id='word_1_215' title='bbox 469 2210 533 2250; x_wconf 77' lang='lat' dir='ltr'>vis</span> <span class='ocrx_word' id='word_1_216' title='bbox 575 2210 828 2266; x_wconf 85' lang='lat' dir='ltr'>superabat,</span> <span class='ocrx_word' id='word_1_217' title='bbox 870 2209 906 2249; x_wconf 92' lang='lat' dir='ltr'>si</span> <span class='ocrx_word' id='word_1_218' title='bbox 953 2209 1058 2267; x_wconf 86' lang='lat' dir='ltr'>quid</span> <span class='ocrx_word' id='word_1_219' title='bbox 1099 2209 1298 2250; x_wconf 85' lang='lat' dir='ltr'>miraculi</span> <span class='ocrx_word' id='word_1_220' title='bbox 1338 2215 1585 2265; x_wconf 87' lang='lat' dir='ltr'>appareret.</span> 
     </span>
     <span class='ocr_line' id='line_1_30' title="bbox 99 2285 1588 2345; baseline 0 -20"><span class='ocrx_word' id='word_1_221' title='bbox 99 2285 313 2326; x_wconf 88' lang='lat' dir='ltr'>Damnata</span> <span class='ocrx_word' id='word_1_222' title='bbox 347 2286 486 2327; x_wconf 89' lang='lat' dir='ltr'>anima</span> <span class='ocrx_word' id='word_1_223' title='bbox 531 2286 688 2345; x_wconf 81' lang='lat' dir='ltr'>surgit,</span> <span class='ocrx_word' id='word_1_224' title='bbox 727 2302 855 2343; x_wconf 84' lang='lat' dir='ltr'>quam</span> <span class='ocrx_word' id='word_1_225' title='bbox 891 2302 1048 2343; x_wconf 88' lang='lat' dir='ltr'>pacare</span> <span class='ocrx_word' id='word_1_226' title='bbox 1085 2302 1170 2326; x_wconf 89' lang='lat' dir='ltr'>non</span> <span class='ocrx_word' id='word_1_227' title='bbox 1202 2286 1361 2342; x_wconf 87' lang='lat' dir='ltr'>possis,</span> <span class='ocrx_word' id='word_1_228' title='bbox 1392 2287 1437 2326; x_wconf 90' lang='lat' dir='ltr'>ni</span> <span class='ocrx_word' id='word_1_229' title='bbox 1468 2300 1588 2325; x_wconf 87' lang='lat' dir='ltr'>sacra</span> 
     </span>
     <span class='ocr_line' id='line_1_31' title="bbox 99 2362 1590 2420; baseline 0 -18"><span class='ocrx_word' id='word_1_230' title='bbox 99 2376 207 2418; x_wconf 87' lang='lat' dir='ltr'>aqua</span> <span class='ocrx_word' id='word_1_231' title='bbox 242 2362 456 2403; x_wconf 90' lang='lat' dir='ltr'>tumulum</span> <span class='ocrx_word' id='word_1_232' title='bbox 493 2363 759 2420; x_wconf 83' lang='lat' dir='ltr'>resperseris</span> <span class='ocrx_word' id='word_1_233' title='bbox 793 2364 903 2419; x_wconf 83' lang='lat' dir='ltr'>ejus,</span> <span class='ocrx_word' id='word_1_234' title='bbox 947 2378 1074 2404; x_wconf 89' lang='lat' dir='ltr'>cruce</span> <span class='ocrx_word' id='word_1_235' title='bbox 1106 2363 1346 2413; x_wconf 75' lang='lat' dir='ltr'>ornaveris,</span> <span class='ocrx_word' id='word_1_236' title='bbox 1384 2362 1590 2419; x_wconf 85' lang='lat' dir='ltr'>precibus</span> 
     </span>
     <span class='ocr_line' id='line_1_32' title="bbox 102 2437 1590 2498; baseline 0 -20"><span class='ocrx_word' id='word_1_237' title='bbox 102 2437 411 2489; x_wconf 78' lang='lat' dir='ltr'>honoraveris;</span> <span class='ocrx_word' id='word_1_238' title='bbox 455 2448 526 2480; x_wconf 89' lang='lat' dir='ltr'>aut</span> <span class='ocrx_word' id='word_1_239' title='bbox 573 2439 852 2495; x_wconf 82' lang='lat' dir='ltr'>praedicatur</span> <span class='ocrx_word' id='word_1_240' title='bbox 890 2439 1019 2480; x_wconf 88' lang='lat' dir='ltr'>haedi</span> <span class='ocrx_word' id='word_1_241' title='bbox 1061 2439 1276 2498; x_wconf 83' lang='lat' dir='ltr'>sanguine</span> <span class='ocrx_word' id='word_1_242' title='bbox 1312 2439 1590 2480; x_wconf 75' lang='lat' dir='ltr'>adamantes³</span> 
     </span>
     <span class='ocr_line' id='line_1_33' title="bbox 97 2516 1588 2573; baseline 0 -17"><span class='ocrx_word' id='word_1_243' title='bbox 97 2530 354 2558; x_wconf 87' lang='lat' dir='ltr'>coruscare:</span> <span class='ocrx_word' id='word_1_244' title='bbox 380 2525 452 2557; x_wconf 90' lang='lat' dir='ltr'>aut</span> <span class='ocrx_word' id='word_1_245' title='bbox 474 2526 675 2557; x_wconf 87' lang='lat' dir='ltr'>narratur</span> <span class='ocrx_word' id='word_1_246' title='bbox 705 2516 888 2557; x_wconf 82' lang='lat' dir='ltr'>seminas</span> <span class='ocrx_word' id='word_1_247' title='bbox 906 2516 1119 2573; x_wconf 85' lang='lat' dir='ltr'>quasdam</span> <span class='ocrx_word' id='word_1_248' title='bbox 1142 2532 1237 2557; x_wconf 84' lang='lat' dir='ltr'>esse</span> <span class='ocrx_word' id='word_1_249' title='bbox 1266 2532 1373 2573; x_wconf 88' lang='lat' dir='ltr'>quas</span> <span class='ocrx_word' id='word_1_250' title='bbox 1404 2517 1588 2557; x_wconf 88' lang='lat' dir='ltr'>Satanae</span> 
     </span>
     <span class='ocr_line' id='line_1_34' title="bbox 97 2592 1590 2651; baseline -0.001 -18"><span class='ocrx_word' id='word_1_251' title='bbox 97 2592 216 2633; x_wconf 91' lang='lat' dir='ltr'>suror</span> <span class='ocrx_word' id='word_1_252' title='bbox 249 2592 490 2650; x_wconf 88' lang='lat' dir='ltr'>possideat,</span> <span class='ocrx_word' id='word_1_253' title='bbox 529 2594 828 2651; x_wconf 87' lang='lat' dir='ltr'>praebeatque</span> <span class='ocrx_word' id='word_1_254' title='bbox 869 2593 974 2634; x_wconf 91' lang='lat' dir='ltr'>viris</span> <span class='ocrx_word' id='word_1_255' title='bbox 1009 2609 1156 2634; x_wconf 89' lang='lat' dir='ltr'>amore</span> <span class='ocrx_word' id='word_1_256' title='bbox 1196 2593 1404 2635; x_wconf 81' lang='lat' dir='ltr'>fruendas</span> <span class='ocrx_word' id='word_1_257' title='bbox 1450 2593 1590 2634; x_wconf 87' lang='lat' dir='ltr'>donec</span> 
     </span>
    </p>
   </div>
   <div class='ocr_carea' id='block_1_5' title="bbox 96 2670 1589 2728">
    <p class='ocr_par' dir='ltr' id='par_1_5' title="bbox 96 2670 1589 2728">
     <span class='ocr_line' id='line_1_35' title="bbox 96 2670 1589 2728; baseline 0.001 -19"><span class='ocrx_word' id='word_1_258' title='bbox 96 2677 226 2710; x_wconf 89' lang='lat' dir='ltr'>noctu</span> <span class='ocrx_word' id='word_1_259' title='bbox 269 2679 546 2721; x_wconf 72' lang='lat' dir='ltr'>evanescant,</span> <span class='ocrx_word' id='word_1_260' title='bbox 591 2670 826 2728; x_wconf 88' lang='lat' dir='ltr'>paludibus</span> <span class='ocrx_word' id='word_1_261' title='bbox 868 2687 913 2711; x_wconf 84' lang='lat' dir='ltr'>se</span> <span class='ocrx_word' id='word_1_262' title='bbox 950 2671 1204 2721; x_wconf 77' lang='lat' dir='ltr'>immittant,</span> <span class='ocrx_word' id='word_1_263' title='bbox 1242 2671 1306 2712; x_wconf 68' lang='lat' dir='ltr'>vel</span> <span class='ocrx_word' id='word_1_264' title='bbox 1347 2670 1589 2711; x_wconf 78' lang='lat' dir='ltr'>di·acones&#39;&#39;</span> 
     </span>
    </p>
   </div>
   <div class='ocr_carea' id='block_1_6' title="bbox 135 2772 777 2955">
    <p class='ocr_par' dir='ltr' id='par_1_6' title="bbox 135 2772 524 2813">
     <span class='ocr_line' id='line_1_36' title="bbox 135 2772 524 2813; baseline 0.003 -10"><span class='ocrx_word' id='word_1_265' title='bbox 135 2773 164 2803; x_wconf 85' lang='lat'>1.</span> <span class='ocrx_word' id='word_1_266' title='bbox 186 2774 232 2802; x_wconf 81' lang='lat' dir='ltr'>De</span> <span class='ocrx_word' id='word_1_267' title='bbox 253 2772 371 2813; x_wconf 67' lang='lat' dir='ltr'>Nugl&#39;s.</span> <span class='ocrx_word' id='word_1_268' title='bbox 395 2784 430 2813; x_wconf 88' lang='lat' dir='ltr'>p.</span> <span class='ocrx_word' id='word_1_269' title='bbox 453 2774 524 2804; x_wconf 72' lang='lat'>2¹13.</span> 
     </span>
    </p>

    <p class='ocr_par' dir='ltr' id='par_1_7' title="bbox 136 2820 777 2908">
     <span class='ocr_line' id='line_1_37' title="bbox 136 2820 777 2863; baseline 0.005 -15"><span class='ocrx_word' id='word_1_270' title='bbox 136 2820 166 2851; x_wconf 76' lang='lat'>2.</span> <span class='ocrx_word' id='word_1_271' title='bbox 184 2822 231 2849; x_wconf 85' lang='lat' dir='ltr'>De</span> <span class='ocrx_word' id='word_1_272' title='bbox 248 2820 366 2863; x_wconf 66' lang='lat' dir='ltr'>Nagis.</span> <span class='ocrx_word' id='word_1_273' title='bbox 390 2820 411 2850; x_wconf 93' lang='lat' dir='ltr'>l.</span> <span class='ocrx_word' id='word_1_274' title='bbox 437 2821 478 2857; x_wconf 86' lang='lat' dir='ltr'>ll,</span> <span class='ocrx_word' id='word_1_275' title='bbox 505 2822 556 2860; x_wconf 82' lang='lat'>27,</span> <span class='ocrx_word' id='word_1_276' title='bbox 579 2822 630 2858; x_wconf 79' lang='lat'>28,</span> <span class='ocrx_word' id='word_1_277' title='bbox 655 2822 705 2861; x_wconf 79' lang='lat'>29,</span> <span class='ocrx_word' id='word_1_278' title='bbox 728 2822 777 2852; x_wconf 88' lang='lat'>30.</span> 
     </span>
     <span class='ocr_line' id='line_1_38' title="bbox 136 2866 400 2908; baseline 0 -11"><span class='ocrx_word' id='word_1_279' title='bbox 136 2867 166 2897; x_wconf 92' lang='grc'>3.</span> <span class='ocrx_word' id='word_1_280' title='bbox 188 2866 288 2904; x_wconf 68' lang='grc' dir='ltr'>ΙὸιίΙ.7</span> <span class='ocrx_word' id='word_1_281' title='bbox 314 2878 348 2908; x_wconf 90' lang='lat' dir='ltr'>p.</span> <span class='ocrx_word' id='word_1_282' title='bbox 370 2868 400 2898; x_wconf 71' lang='grc'>4.</span> 
     </span>
    </p>

    <p class='ocr_par' dir='ltr' id='par_1_8' title="bbox 135 2914 437 2955">
     <span class='ocr_line' id='line_1_39' title="bbox 135 2914 437 2955; baseline 0.007 -11"><span class='ocrx_word' id='word_1_283' title='bbox 135 2914 166 2945; x_wconf 81' lang='lat'>4.</span> <span class='ocrx_word' id='word_1_284' title='bbox 187 2914 289 2954; x_wconf 77' lang='lat' dir='ltr'>Ibi‹l.,</span> <span class='ocrx_word' id='word_1_285' title='bbox 310 2926 343 2955; x_wconf 88' lang='lat' dir='ltr'>p.</span> <span class='ocrx_word' id='word_1_286' title='bbox 367 2915 437 2946; x_wconf 80' lang='lat'><strong>169.</strong></span> 
     </span>
    </p>
   </div>
  </div>
 </body>
</html>
