1842 3288
248 356 287 385 72
739 360 789 384 DE
823 359 1045 385 WALTERIO
1081 359 1237 385 ΜΑΡΡΙΟ

249 455 346 487 ante
377 446 484 485 alios
511 460 637 501 opem
672 444 840 485 ferebat
866 470 923 475 —
956 444 1017 485 sic
1049 445 1253 501 Mappius
1281 470 1339 476 —
1368 446 1549 487 curabat
1576 455 1622 487 ut
1649 446 1738 488 illis

249 520 402 561 domus
436 518 788 565 aedificarentur,
827 526 871 558 ut
906 517 1084 559 daretur
1119 518 1234 559 unde
1263 519 1472 560 viverent.
1508 519 1599 561 Nec
1628 520 1737 562 illud

249 596 351 636 satis
387 604 477 636 crat
523 612 530 634 :
571 613 590 633 «
636 594 791 641 Pedes,
841 594 899 634 ait
936 595 1189 645 historicus,
1240 595 1302 636 eis
1350 595 1463 636 lavat
1501 604 1544 636 et
1582 597 1734 655 tergit,

248 688 518 729 magnaeque
571 687 738 712 memor
771 671 1075 730 Magdalenae,
1122 671 1239 729 quod
1281 672 1374 729 ipsa
1414 672 1651 729 complevit
1692 674 1736 714 in

247 764 429 805 corpore
468 748 715 797 Dominico,
756 748 937 788 devotus
972 748 1042 789 hic
1078 748 1285 789 membris
1327 750 1420 805 ejus
1464 750 1734 806 exsequitur.

248 825 333 867 Sed
363 826 424 866 ibi
446 824 588 865 vitalis
612 824 721 865 odor
750 833 791 864 et
815 824 1003 865 dulcedo
1033 840 1106 865 cor
1135 825 1362 866 attrahens
1391 841 1580 882 caroque
1611 842 1737 867 mun-

246 902 445 950 dissima3
483 901 659 942 lethalis
694 901 765 941 hic
800 900 957 949 foetor,
997 910 1038 942 et
1072 902 1318 943 amaritudo
1351 918 1660 960 corrumpens,
1695 912 1739 945 et

246 979 388 1019 sanies
418 979 632 1019 ulcerosa.
661 995 681 1016 »
712 979 803 1018 Jam
831 978 894 1018 illi
923 987 1015 1019 erat
1037 979 1222 1035 praemii
1250 979 1345 1020 loco
1374 980 1604 1037 praeteriti
1624 989 1737 1021 tem-

245 1056 364 1113 poris
393 1055 619 1106 memoria,
655 1055 732 1096 secl
760 1055 863 1095 olim
899 1056 1088 1112 contigit
1117 1064 1161 1096 ut
1185 1072 1354 1097 summo
1376 1056 1539 1114 gaudio
1569 1056 1738 1099 fruere-

244 1142 330 1183 tur,
353 1132 516 1189 quippe
540 1132 614 1189 qui
643 1132 854 1173 miraculo
877 1132 1082 1174 adfuerit.

303 1209 584 1251 Theobaldus
620 1210 676 1250 IV
707 1209 901 1250 curando
938 1226 1014 1250 suo
1043 1209 1320 1266 leprosorum
1349 1210 1445 1251 vico
1482 1212 1735 1252 ministrum

244 1295 574 1344 praeposuerat.
620 1286 817 1338 Quadam
853 1286 924 1327 die
958 1287 1041 1327 iter
1072 1287 1172 1328 iniit
1206 1287 1259 1328 ad
1289 1287 1521 1328 visendum
1556 1304 1735 1329 suorum

243 1372 523 1421 aegrotorum
561 1379 695 1404 unum
737 1363 821 1404 sibi
861 1379 964 1419 prae
1002 1363 1188 1404 caeteris
1227 1363 1465 1415 dilectum;
1503 1380 1524 1405 a
1560 1365 1735 1406 nemine

242 1441 358 1481 visus
392 1441 538 1496 pulsat
572 1440 752 1491 ostium,
785 1458 806 1479 «
834 1440 1061 1481 humiliter
1094 1440 1246 1481 intulit
1277 1457 1285 1481 ε
1318 1458 1339 1480 <(
1370 1441 1551 1482 Amicus
1585 1450 1733 1483 vester

243 1517 524 1558 Theobaldus
546 1516 674 1574 petit,
701 1517 737 1558 si
759 1517 853 1558 fieri
874 1526 1037 1574 potest,
1063 1526 1111 1558 ut
1132 1526 1333 1575 apertum
1358 1518 1415 1559 sit
1443 1518 1482 1559 ei
1505 1518 1666 1559 ostium
1690 1536 1730 1558 ».

245 1594 396 1651 Surgit
429 1602 634 1652 aegrotus
669 1594 866 1654 gaudens
902 1595 1153 1651 ostiumque
1187 1595 1330 1652 aperit
1362 1612 1369 1636 :
1404 1612 1425 1635 «
1461 1596 1601 1648 Quem
1642 1594 1736 1636 affi-

242 1686 340 1711 cere
381 1671 550 1712 solebat
589 1671 803 1720 ulcerum,
853 1672 1111 1712 suavissimo
1161 1672 1302 1713 reficit
1347 1672 1484 1714 odore
1530 1672 1735 1731 pigmen-

241 1756 385 1789 torum
426 1766 463 1788 )>.
501 1749 686 1789 Miratus
727 1764 873 1789 comes
908 1749 1189 1790 Theobaldus
1221 1757 1447 1807 aegrotum
1489 1750 1735 1809 interrogat

243 1841 345 1866 num
369 1834 544 1866 sanatus
568 1826 638 1866 sit.
665 1826 750 1878 Qui
778 1842 911 1883 quum
943 1826 1000 1867 ita
1030 1842 1123 1867 esse
1154 1826 1477 1883 respondisset,
1503 1826 1733 1885 digressus

242 1911 308 1944 est
358 1903 656 1954 Theobaldus,
700 1912 742 1944 et
782 1920 802 1943 «
838 1904 1140 1961 praepositum
1177 1921 1197 1943 »
1241 1903 1349 1945 adiit
1382 1904 1468 1960 ipsi
1503 1904 1734 1961 gratulans

242 1980 294 2020 de
323 1980 460 2037 ipsius
484 1980 649 2037 optima
671 1996 868 2021 casarum
891 1996 1011 2032 cura,
1042 1981 1271 2037 ipsiusque
1306 1980 1350 2020 in
1384 1989 1612 2038 aegrotum
1648 1981 1734 2022 sibi

243 2058 427 2098 maxime
467 2074 614 2098 earum
653 2057 851 2114 impensa
895 2057 1146 2107 sedulitate,
1196 2057 1412 2114 pollicens
1459 2048 1643 2114 insuper
1685 2074 1731 2098 se

242 2133 524 2192 largitionem
574 2135 658 2191 ipsi
695 2134 916 2176 daturum.
958 2152 978 2174 «
1026 2135 1231 2185 Domine,
1264 2134 1497 2192 respondit
1543 2150 1734 2192 praepo-

243 2211 367 2262 situs,
394 2220 629 2268 praecepto
657 2220 818 2265 vestro,
838 2211 1001 2253 viventi
1023 2211 1084 2252 fui
1108 2211 1213 2252 satis
1237 2211 1458 2263 assiduus,
1487 2220 1529 2252 et
1559 2220 1734 2252 mortuo

242 2289 324 2329 seci
352 2288 508 2345 dignas
543 2289 795 2345 obsequias,
820 2297 860 2330 et
893 2289 929 2329 si
957 2288 1144 2345 placeat,
1175 2290 1269 2344 ejus
1298 2288 1550 2345 sepulcrum
1584 2288 1734 2329 videa-

243 2381 354 2406 mus.
405 2383 425 2405 »
475 2366 631 2406 Comes
685 2365 983 2416 Theobaldus,
1041 2365 1378 2406 admirationem
1428 2365 1730 2416 dissimulans,

243 2442 493 2499 sepulcrum
521 2442 684 2493 invisit,
712 2451 804 2483 tum
833 2442 886 2483 ad
914 2458 1057 2484 casam
1087 2442 1221 2484 rediit
1249 2458 1379 2500 quam
1404 2458 1581 2483 vacuam
1611 2443 1733 2483 inve-

242 2519 384 2569 niens,
418 2538 436 2557 «
468 2519 641 2576 gavisus
677 2529 742 2560 est
769 2537 809 2569 »‚
842 2520 903 2560 sic
932 2519 1065 2561 infert
1091 2520 1162 2563 W.
1195 2519 1415 2576 Mappius,
1443 2537 1464 2558 «
1495 2535 1538 2560 se
1572 2519 1732 2560 vidisse

244 2597 467 2638 Christum
496 2597 506 2617 ¹
542 2614 581 2636 ».
631 2596 748 2637 Talis
796 2596 964 2654 effigies
1004 2596 1129 2637 valde
1169 2596 1390 2653 discrepat
1430 2612 1528 2637 cum
1573 2612 1733 2653 aspero

243 2673 472 2724 bellatore,
492 2674 615 2729 cujus
638 2673 936 2730 periculorum
955 2674 1073 2714 sitim
1097 2690 1172 2714 seu
1196 2673 1310 2714 bella
1328 2673 1372 2714 in
1388 2673 1656 2714 Ludovicum
1674 2673 1732 2715 VI

245 2750 419 2807 explere
461 2750 772 2807 nequiverunt,
813 2766 910 2792 eum
958 2751 1044 2792 isto
1092 2751 1360 2810 foedifragO,
1404 2750 1733 2807 amicorumque

286 2915 314 2945 1.
333 2917 379 2945 De
404 2915 519 2957 Nagds,
538 2927 572 2956 p.
594 2917 666 2955 221,
687 2917 757 2947 222,
