1842 3288
281 342 321 371 76
778 348 828 373 DE
862 348 1087 375 WALTERIO
1122 348 1279 374 MAPPIO

344 431 389 473 Si
424 431 627 490 dignosci
660 449 912 490 possumus,
941 449 1050 491 quos
1079 433 1213 474 animi
1241 432 1422 474 affectus
1448 450 1470 475 e
1506 450 1582 476 sua
1608 435 1773 476 Romae

282 510 625 550 commoratione
678 510 900 557 retulerit,
953 509 1069 550 haud
1128 509 1253 550 facile
1306 519 1457 551 contra
1508 520 1574 552 est
1626 520 1774 553 exacte

282 584 466 625 definire
504 585 788 643 legationem,
827 602 910 643 qua
953 586 1068 643 apud
1106 586 1341 627 concilium
1387 588 1680 629 Laterancnse
1719 589 1776 629 sit

282 661 471 702 functus.
519 663 739 712 Attamen,
790 679 841 703 ex
885 663 1170 720 amplissimis
1227 663 1354 704 donis
1405 664 1565 720 quibus
1617 664 1698 706 suit
1752 680 1775 706 a

283 738 470 779 Hem-ico
517 740 553 780 II
601 739 791 787 dotatus,
838 742 936 796 jure
978 740 1181 781 concludi
1230 757 1463 797 possumus
1510 756 1599 782 non
1651 741 1774 798 parvi

282 816 494 856 momenti
532 815 666 857 fuisse
706 832 862 857 munus
898 817 983 872 ipsi
1025 817 1352 858 demandatum.
1388 819 1495 858 Eum
1528 818 1661 868 enirn,
1698 819 1774 876 qui

280 900 407 933 antea
443 909 531 933 non
567 893 685 934 aliud
717 893 980 934 beneficium
1016 893 1274 949 possidebat
1308 895 1393 935 nisi
1424 895 1590 936 curiam
1623 896 1774 938 West-

280 969 430 1020 burae,
456 969 500 1010 in
529 985 642 1027 pago
666 969 1002 1018 Glocestriensi,
1029 986 1106 1011 rex
1127 971 1291 1011 creavit
1319 972 1362 1011 in
1386 971 1529 1012 locum
1553 971 1771 1024 Geosridi,

280 1045 357 1087 filii
388 1046 471 1095 sui,
508 1046 808 1088 Sancti-Pauli
844 1047 1121 1099 canonicum,
1152 1063 1200 1088 ac
1237 1048 1596 1089 Lincolniensem
1628 1066 1648 1087 «
1673 1065 1774 1106 pre-

277 1132 503 1164 centorem
535 1125 596 1164 »¹.
630 1124 683 1164 Hi
725 1124 900 1165 fuerunt
934 1124 1078 1165 ultimi
1124 1125 1315 1165 honores
1348 1125 1506 1182 quibus
1539 1126 1584 1166 in
1623 1141 1771 1167 rerum

278 1200 556 1255 politicarum
587 1201 807 1241 curriculo
845 1202 917 1243 W.
951 1201 1155 1258 Mappius
1192 1201 1422 1243 decoratus
1457 1211 1538 1243 est.
1576 1201 1683 1243 Inde
1717 1203 1773 1243 ab

278 1292 391 1317 anno
423 1277 549 1324 1l80,
582 1278 759 1318 nonnisi
789 1277 978 1318 invidiae
1008 1293 1180 1319 morsus
1212 1278 1537 1335 oblivionisque
1564 1279 1769 1320 amaritu-

277 1354 403 1395 dines
426 1363 518 1395 erat
545 1363 824 1411 experturus

980 1553 1037 1593 ΙΙΙ

334 1663 381 1702 In
411 1662 602 1703 secunda
624 1670 747 1718 parte
768 1662 871 1702 libri
899 1662 1016 1702 illius
1041 1664 1100 1703 De
1126 1662 1284 1719 Nugc's,
1307 1662 1584 1720 frequentius
1608 1661 1766 1703 alludit

273 1738 513 1782 Walterius
554 1738 740 1795 perditis
778 1738 968 1780 fortunis
1015 1747 1057 1779 et
1103 1739 1345 1780 inimicitiis
1381 1747 1453 1780 aut
1493 1739 1657 1796 apertis
1697 1746 1771 1780 aut

275 1816 472 1856 secretis.
491 1817 615 1856 Nunc
632 1824 719 1856 tam
744 1817 915 1874 magnis
931 1817 944 1837 Ξ
963 1815 1167 1857 laudibus
1188 1816 1360 1857 extollit
1382 1816 1561 1857 Henrici
1585 1815 1771 1857 secundi

273 1893 454 1941 curiam,
486 1901 532 1933 ut
561 1893 720 1933 sentiat
751 1893 888 1933 lector
916 1893 1065 1934 nescio
1095 1893 1201 1950 quid
1230 1893 1366 1934 amari
1387 1893 1432 1933 in
1462 1892 1596 1933 tantis
1625 1892 1770 1934 laudi-

272 1970 353 2011 bus
370 1970 577 2020 insitum3
602 1985 718 2010 nunc
736 1970 879 2010 minus
904 1970 1090 2010 obscure
1113 1969 1424 2010 animadvertit
1445 1969 1567 2010 illum
1592 1985 1770 2026 semper

272 2046 493 2087 oblivione
528 2046 675 2102 perire
703 2047 778 2103 qui
812 2062 832 2087 e
863 2047 981 2087 curia
1017 2047 1250 2088 recesserit
1282 2063 1289 2086 :
1322 2055 1456 2103 utque
1490 2047 1646 2087 Cicero
1676 2048 1767 2103 jam

271 2123 453 2182 longum
479 2132 652 2180 tempus
681 2140 702 2164 e
730 2124 867 2164 Roma
901 2123 1023 2164 exsul
1055 2124 1338 2179 querebatur,
1372 2124 1433 2164 sic
1462 2132 1505 2164 et
1532 2132 1684 2164 noster
1713 2123 1770 2164 de

272 2200 464 2241 miseriis
500 2200 589 2241 suis
623 2200 827 2257 deplorat
863 2217 871 2240 :
910 2218 928 2238 «
968 2200 1014 2241 Si
1040 2216 1119 2256 per
1150 2216 1309 2240 annum
1342 2208 1462 2240 extra
1493 2200 1763 2251 steterimus,

271 2293 382 2318 nova
409 2277 697 2318 redeuntibus
725 2277 916 2318 occurrit
950 2276 1097 2326 facies,
1130 2285 1171 2317 et
1193 2277 1293 2317 novi
1316 2292 1479 2317 snmus
1514 2277 1766 2317 Invenimus

272 2355 324 2394 ab
347 2354 503 2395 alienis
532 2355 798 2395 domesticos
826 2353 1149 2411 supplantatos,
1182 2363 1223 2394 et
1250 2354 1453 2394 dominos
1482 2369 1503 2394 a
1527 2353 1663 2394 servis
1678 2355 1706 2394 ³.
1739 2371 1762 2393 »

271 2432 349 2472 Est
365 2432 495 2472 etiam
511 2447 609 2473 cum
627 2431 886 2489 diligentins
903 2447 972 2472 res
990 2431 1177 2490 attingat
1197 2448 1203 2471 z
1221 2430 1407 2472 affirmat
1425 2430 1541 2471 enim
1558 2446 1620 2482 se,
1645 2431 1765 2488 quod
1796 2470 1798 2472 .

271 2508 495 2550 Ecclesiae
542 2509 645 2549 vitia
696 2509 931 2556 notaverit,
982 2507 1226 2549 maledictis
1276 2507 1527 2549 lacessitum
1574 2523 1669 2549 esse
1689 2508 1703 2528 ⁴
1751 2523 1761 2547 :

273 2603 292 2625 «
316 2585 456 2628 Video
477 2602 543 2627 me
563 2588 652 2643 jam
674 2586 761 2627 illis
784 2586 944 2627 sactum
974 2586 1017 2626 in
1041 2586 1403 2626 detractationem
1427 2586 1470 2626 in
1499 2585 1689 2626 fabulam
1717 2593 1765 2626 ut

311 2718 340 2748 1.
363 2720 408 2747 De
435 2717 554 2759 Nugis,
578 2728 613 2757 p.
636 2718 707 2754 236,
733 2718 810 2753 237;
833 2717 977 2757 Morlcy‚
1006 2727 1061 2757 op.
1091 2717 1162 2753 cit.,
1188 2716 1249 2755 III,
1273 2717 1349 2752 125;
1374 2716 1505 2747 Cartul.
1534 2715 1764 2746 Sancti-Petri

270 2764 459 2804 Gloucest.‚
477 2767 519 2802 ΙΙ,
538 2766 613 2803 1363
635 2765 767 2796 Cartul.
787 2765 912 2805 Ralph.
935 2765 976 2795 de
1000 2765 1130 2800 Diceto,
1147 2764 1205 2795 cit.
1225 2766 1245 2794 a
1259 2765 1414 2802 Tanner3
1439 2764 1542 2800 Neve,
1560 2764 1603 2802 ΙΙ,
1623 2764 1673 2800 82,
1689 2764 1763 2794 Ι106.

310 2813 339 2842 2.
360 2815 407 2842 De
425 2813 541 2855 Nugis,
564 2824 597 2853 p.
618 2813 688 2850 210,
711 2814 782 2843 225.

310 2862 339 2889 3.
362 2860 464 2899 Jbid„
485 2853 520 2901 p.
542 2861 613 2891 233.

309 2909 338 2937 4.
358 2908 458 2944 Ibid.‚
481 2920 515 2949 p.
537 2910 586 2939 57.
