1873 3329
362 242 667 270 rABULosAnUM
704 242 1010 269 xAnnA‘HONUM
1046 242 1276 269 SCRIPTORE
1511 241 1569 270 159

76 333 198 376 illum
247 331 554 379 christianum,
610 347 629 367 «
681 328 902 368 hominem
946 327 1186 369 secundum
1230 329 1563 370 similitudinem

75 409 322 468 angelicum
358 416 399 448 et
426 409 513 463 jam
543 422 563 446 a
600 407 692 446 Deo
719 404 1040 461 glorificatum¹
1073 422 1092 442 »
1130 421 1208 461 per
1242 407 1390 446 orbem
1427 415 1565 447 totum

76 494 253 528 euntem
300 493 346 525 ut
384 484 641 524 innocentes
681 488 894 528 tueretur,
951 489 1161 521 nocentes
1209 483 1471 541 castigaret:
1515 484 1567 523 ab

74 562 241 604 ultimis
277 560 397 602 Indis
439 559 695 600 redeuntem
737 565 783 598 ut
822 558 1044 598 Romanos
1085 558 1160 613 qui
1201 558 1416 601 XVallensi
1454 576 1567 617 pago

74 638 236 696 injuste
260 637 389 696 potiti
412 644 575 681 essent,
600 634 859 691 expelleret,
887 635 928 674 in
959 634 1027 674 his
1057 634 1207 676 nescio
1227 635 1332 692 quid
1362 652 1564 692 magnum

74 717 243 774 spirare
288 715 475 755 videtur.
531 712 642 753 Illud
686 719 753 752 est
805 710 1049 752 fabulosum
1105 727 1234 768 epos;
1284 728 1390 768 epos
1437 713 1563 752 etiam

74 793 277 836 dixe-rim,
309 791 505 849 quamvis
534 788 667 829 altera
697 804 796 845 pars
827 787 941 845 apud
967 796 1188 829 auctorem
1218 789 1358 846 gratia
1388 805 1566 845 pracva-

73 869 173 917 leat,
195 869 490 910 narrationem
502 882 656 907 eorum
674 880 785 921 quae
802 864 1021 906 Godwino
1039 865 1309 906 acciderunt.
1332 866 1567 925 Singulare

75 944 603 1000 SaxoniciDanensisque
632 958 785 1000 regum
808 951 1031 983 certamen
1059 951 1107 984 ut
1129 943 1443 984 decerneretur
1471 951 1567 983 uter

74 1023 157 1065 utri
177 1021 340 1080 populo
363 1028 603 1078 praeesset,
626 1036 647 1061 a
671 1035 754 1077 qua
772 1035 919 1077 pugna
942 1035 963 1060 a
987 1020 1313 1077 spectatoribus
1338 1021 1565 1061 amborum

72 1100 168 1158 pari
210 1099 371 1140 virtute
419 1097 649 1139 commotis
697 1096 910 1138 desistere
957 1096 1097 1137 coacti
1137 1105 1270 1146 sunt,
1314 1097 1498 1137 insidiae
1545 1113 1565 1136 a

73 1177 234 1225 Cnuto,
255 1183 488 1233 postquam
515 1190 590 1215 rex
612 1173 796 1232 Angliae
823 1173 960 1214 sactus
984 1181 1092 1223 erat,
1125 1173 1344 1215 Godwino
1368 1182 1563 1231 paratae,

72 1252 260 1294 utillum
285 1252 525 1295 Saxonicae
547 1249 689 1292 laudis
712 1258 1089 1308 propugnatorem
1113 1266 1134 1291 e
1164 1250 1309 1291 medio
1337 1250 1514 1291 tolleret
1530 1251 1563 1298 ἒς

71 1329 179 1370 haec
219 1329 364 1370 onmia
405 1328 539 1387 digna
576 1335 701 1369 erant
732 1342 842 1384 quae
883 1326 1199 1368 inducerentur
1236 1327 1280 1367 in
1328 1326 1467 1368 libros
1513 1326 1567 1367 de

71 1406 294 1464 praeclare
326 1405 450 1447 factis
480 1405 687 1462 Equitum
710 1413 908 1462 agentes,
935 1404 978 1444 in
1009 1404 1169 1460 quibus
1193 1404 1460 1444 intricantur
1490 1412 1563 1444 aut

72 1482 301 1524 solvuntur
324 1482 427 1523 nodi
449 1482 604 1539 plenae
627 1481 886 1540 ambagibus
912 1481 1138 1529 historiae,
1167 1480 1372 1522 militisve
1403 1480 1565 1538 pictate

70 1560 320 1617 virtuteque
349 1558 479 1600 simul
502 1559 731 1616 conspicui
753 1557 1010 1616 depingitur
1033 1557 1221 1599 indoles.

801 1762 838 1803 V

132 1879 310 1918 Inerant
337 1877 472 1936 igitur
500 1877 543 1917 in
578 1876 654 1917 illo
684 1876 915 1926 historico,
947 1877 1022 1933 qui
1064 1892 1232 1917 morum
1271 1885 1564 1918 correctorem

72 1970 117 1995 se
150 1970 238 1995 non
273 1954 406 1995 semel
436 1953 671 2011 praestitit,
707 1952 831 1994 dotes
861 1953 913 1994 ad
947 1953 1136 2010 poesim,
1177 1953 1231 1994 ad
1257 1954 1343 1994 vim
1372 1969 1567 1995 commo-

71 2031 218 2083 vendi,
243 2031 295 2072 ad
323 2031 537 2089 tragicam
561 2029 909 2089 magnitudinem
938 2030 1270 2088 exprimendam
1293 2031 1563 2088 aptissimae,

73 2109 232 2166 quibus
276 2109 312 2149 si
347 2108 547 2165 junxeris
588 2109 678 2164 jam
727 2107 901 2148 laudata
950 2107 1087 2157 (lona,
1140 2109 1293 2148 miram
1341 2107 1567 2149 scribendi

71 2186 258 2243 copiam,
294 2186 338 2226 in
369 2184 602 2243 colloquiis
631 2184 920 2235 alacritatem,
953 2185 1146 2226 animum
1172 2184 1404 2243 generosis
1435 2184 1565 2225 affec·

69 2263 187 2304 tibus
220 2263 502 2304 vehementer
534 2270 715 2312 tactum,
748 2261 972 2319 intelliges
1001 2277 1099 2303 eum
1137 2261 1272 2302 fuisse
1301 2261 1564 2305 VValterium

71 2339 146 2397 qui
185 2347 337 2396 posset
375 2339 521 2396 aliquo
566 2338 694 2380 modo
736 2338 779 2379 in
820 2337 1065 2380 condendis
1113 2339 1251 2395 epicis
1295 2338 1564 2380 carminibus

70 2425 239 2472 partem
274 2416 453 2466 habere,
493 2431 680 2473 quorum
708 2415 791 2456 hoc
826 2415 1048 2457 saeculum
1082 2415 1322 2456 decurrens
1357 2430 1563 2474 magnum

70 2500 331 2548 proventum
360 2501 453 2533 erat
471 2492 721 2534 allaturum.
741 2492 945 2536 &Valterii
969 2491 1082 2533 liber
1100 2507 1187 2533 non
1203 2491 1376 2533 modico
1398 2491 1564 2532 lumine

69 2568 262 2610 illustrat
296 2568 528 2610 obscuram
561 2569 865 2627 quaestionem
901 2586 908 2610 :
941 2584 1029 2610 non
1061 2577 1206 2610 tamen
1235 2569 1363 2610 nobis
1394 2576 1564 2609 tantum

69 2646 282 2687 sumimus
305 2653 351 2686 ut
372 2644 553 2687 dubium
573 2661 702 2687 omne
719 2654 1011 2688 removeatur.
1035 2646 1271 2699 Quaeritur
1289 2661 1394 2704 ergo
1416 2653 1561 2685 utrum

108 2756 138 2788 1.
157 2759 203 2787 De
224 2757 342 2799 Nugt's,
366 2767 400 2797 p.
421 2758 471 2787 88.

108 2805 138 2836 2.
164 2804 251 2836 Dist.
274 2805 326 2842 V‘,
347 2805 379 2836 lt.
