1873 3329
685 274 917 299 enon-:snum
1506 275 1543 302 23

59 361 207 403 tesorti
232 360 494 402 fabrefactus
512 375 680 417 pannos
703 360 838 399 vetuit
868 359 908 398 in
939 375 1120 414 reguum
1146 360 1312 407 inseri-i,
1337 377 1432 401 euni
1460 362 1539 400 sibi

58 438 213 496 Anglia
249 436 448 478 sufficere
481 445 646 494 posset.
689 437 745 477 Ut
775 437 861 490 jain
895 437 1154 483 notavimus,
1194 437 1339 492 plures
1375 438 1412 477 in
1452 437 1544 477 ‹lit—s

56 514 215 574 Anglia
238 523 281 555 et
297 514 437 555 Gallia
455 529 623 554 merces
643 513 885 559 mutabant,
906 521 947 552 et
964 512 1006 552 in
1030 514 1195 568 Mag-tm
1217 514 1380 553 (Yam-la
1405 516 1543 555 caveri

56 593 249 649 oportuit
278 607 330 632 ne
354 599 619 632 mercatores
651 589 875 647 peregrini
899 605 976 645 per
998 589 1199 645 Angliam
1236 591 1316 630 iter
1339 591 1546 632 sarie-ntes

58 668 225 726 aliquid
258 667 512 727 detrimenti
549 674 774 723 caperent.
819 667 927 705 (ium
961 674 1044 705 tani
1080 666 1193 706 l'eliei
1230 669 1544 725 negotiantium

61 745 303 786 industriae
343 743 573 785 accederet
620 743 901 800 ingeniorum
944 758 1191 798 processus,
1240 744 1310 799 qui
1360 753 1546 800 quantus

62 821 193 863 suerit
229 837 358 878 supra
400 820 753 862 memoravimus,
792 834 812 859 e
846 818 1017 859 duobus
1049 819 1226 876 populis
1262 821 1419 860 sensim
1454 822 1546 861 sine

62 915 191 939 sensu
221 914 332 939 unus
355 898 499 938 fiebat.
530 897 699 949 Quibus
723 896 764 936 in
801 895 997 952 praeliis,
1030 904 1128 936 ante
1162 897 1337 937 Ilenrici
1368 898 1547 938 secundi

62 991 264 1034 regnum,
282 975 524 1016 Normanni
541 983 583 1014 et
600 974 795 1015 Saxones
815 972 965 1013 iisdem
986 973 1066 1013 sul)
1084 973 1222 1032 signis
1241 974 1544 1023 interfuerant,

63 1053 104 1094 in
129 1068 261 1093 unum
284 1051 436 1109 populi
466 1066 623 1107 corpus
654 1049 902 1090 coalescere
931 1059 1182 1106 coeperant,
1216 1059 1272 1101 et,
1307 1059 1407 1106 post
1437 1052 1548 1091 bella

62 1129 221 1179 civilia,
263 1129 450 1170 durante
494 1144 615 1185 pace,
662 1142 772 1183 opus
819 1142 904 1167 non
947 1127 1244 1167 intermissum
1287 1136 1367 1174 est,
1411 1127 1549 1168 donee

63 1206 235 1248 saeculo
263 1206 434 1247 decimo
462 1205 593 1246 tertio
629 1213 850 1261 peractum
884 1204 1028 1244 suerit.
1062 1203 1305 1244 Fatendum
1335 1213 1401 1244 est
1429 1222 1474 1245 ea
1501 1221 1550 1245 ex

65 1283 243 1325 Henrici
271 1282 453 1324 secundi
488 1298 626 1341 regno
667 1297 754 1321 non
787 1289 903 1321 recta
934 1281 999 1321 via
1037 1296 1256 1328 emanare,
1295 1282 1374 1321 hoc
1409 1290 1549 1321 autem

65 1369 214 1417 aperte
237 1368 426 1410 emanat,
452 1358 569 1416 quod
600 1367 643 1399 et
671 1358 881 1414 patriciae
910 1358 1032 1415 genti
1060 1357 1295 1398 bellicosae
1323 1358 1551 1399 turbulen-

70 1445 242 1494 taeque,
285 1445 327 1477 et
367 1436 540 1476 clericis
581 1434 769 1476 effrenis
798 1443 840 1475 et
880 1434 1230 1483 contumacibus,
1268 1444 1309 1475 et
1350 1435 1403 1475 iis
1444 1451 1551 1491 quos

63 1516 153 1570 jam
174 1514 425 1571 Burgenses
447 1512 676 1559 vocabant,
708 1511 886 1552 Ilenrici
905 1512 1059 1568 jugum
1083 1511 1247 1568 pariter
1276 1511 1552 1552 intolerabile

67 1591 205 1632 visum
228 1599 310 1631 est.
336 1591 442 1631 Tres
472 1589 607 1647 igitur
627 1588 825 1637 ordines,
849 1597 896 1629 ut
919 1604 993 1629 sua
1018 1587 1244 1629 commoda
1262 1596 1489 1629 tuerentur
1511 1597 1554 1629 et

67 1667 391 1725 periclitantem
405 1666 654 1707 libertatem
672 1665 964 1715 vindicarent,
981 1665 1085 1706 olim
1100 1673 1218 1706 certe
1236 1665 1388 1706 foedus
1404 1665 1554 1705 inituri

67 1752 212 1794 erant;
237 1752 432 1785 ceterum
455 1758 502 1784 ea
526 1742 712 1783 societas
737 1758 780 1783 re
803 1742 1042 1783 constituta
1066 1750 1146 1792 est,
1173 1758 1256 1798 qua
1279 1741 1350 1782 dic
1368 1741 1553 1801 anglicis

65 1821 456 1863 communitatibus
513 1819 816 1876 emancipatis,
867 1835 955 1860 non
1005 1819 1141 1859 multo
1194 1819 1425 1876 sanguine,
1479 1819 1554 1859 sed

66 1898 198 1939 multa
230 1897 417 1955 pecunia
440 1897 576 1946 stetit,
608 1905 651 1937 et
681 1896 738 1937 ita
773 1896 932 1937 sactum
966 1904 1032 1937 est
1056 1904 1102 1936 ut
1137 1911 1189 1936 ex
1221 1895 1472 1953 principatu
1501 1895 1554 1935 ad

67 1975 196 2016 unius
223 1974 454 2015 arbitrium
480 1973 725 2030 composito
749 1973 930 2014 libertas
958 1972 1074 2030 apud
1096 1972 1265 2030 Anglos
1287 1981 1379 2013 orta
1405 1972 1550 2012 suerit.

125 2051 346 2109 MappiuS‚
369 2076 427 2081 —-—
448 2059 491 2091 et
512 2049 617 2091 inde
639 2049 818 2107 quidem
842 2050 924 2091 hoc
953 2065 1063 2106 opus
1087 2065 1207 2090 suam
1232 2049 1555 2105 jucunditatem

68 2129 205 2170 trahit
237 2154 310 2177 —,
347 2137 415 2169 est
452 2128 545 2169 viva
582 2128 726 2187 imago
764 2127 926 2184 prioris
966 2126 1085 2168 illius
1125 2126 1454 2176 Renovationis,
1488 2127 1557 2166 cui

72 2206 218 2246 minus
253 2204 378 2246 deest
415 2220 543 2262 quam
578 2204 721 2255 alteri,
752 2220 849 2245 cum
885 2220 1005 2244 suam
1038 2204 1123 2244 vim
1158 2203 1411 2244 hominibus
1443 2201 1557 2243 inl'u-

70 2282 202 2333 derit,
234 2297 555 2339 quamcumque
585 2282 628 2322 in
652 2290 821 2338 partem
851 2297 895 2322 se
924 2289 1244 2322 converterent.
1276 2280 1394 2322 Nihil
1423 2288 1487 2320 cst
1514 2281 1556 2319 in

71 2360 165 2416 ejus
198 2359 300 2409 vita,
338 2358 382 2399 in
418 2358 669 2416 insignibus
705 2373 920 2415 personae
950 2357 1066 2398 notis
1098 2357 1210 2397 nihil
1245 2356 1378 2413 quod,
1419 2355 1558 2412 qualis

70 2435 204 2477 suerit
230 2434 303 2476 illa
329 2435 587 2485 Renovatio,
621 2450 707 2476 non
739 2443 912 2476 revocet
940 2434 981 2474 in
1013 2434 1283 2474 memoriam,
1310 2434 1418 2474 Cum
1442 2432 1557 2472 enim

69 2513 261 2570 primum
302 2527 347 2553 se
385 2511 590 2553 habuerit
623 2512 739 2553 circa
774 2526 822 2552 ea
857 2526 967 2568 quae
1002 2511 1055 2551 ad
1092 2510 1401 2551 commercium
1445 2509 1560 2548 inter

69 2588 209 2629 varias
238 2596 394 2647 gentes
426 2588 630 2639 attinent,
656 2588 883 2645 Mappium
911 2586 1125 2638 videmus,
1150 2586 1341 2643 Aug-lum
1370 2585 1557 2641 origine,

71 2664 261 2706 Galliam
290 2664 547 2722 Italiamque
573 2673 902 2722 peragrantem,
927 2679 1024 2705 cum
1053 2664 1194 2704 omnis
1224 2661 1398 2721 generis
1425 2661 1561 2701 homi-

77 2741 207 2782 nibus
225 2742 486 2799 jungentem
504 2741 758 2793 amicitiam,
790 2749 832 2781 et
859 2756 912 2781 ex
933 2740 1052 2780 omni
1075 2739 1272 2797 regione,
1302 2754 1324 2778 e
1345 2737 1561 2778 limitibus

79 2819 286 2860 extremis
318 2818 598 2866 Germaniae,
632 2833 683 2858 ex
713 2817 908 2858 Orientis
938 2816 1098 2857 finibus
1129 2815 1401 2856 narrationes
1436 2813 1562 2855 colli-
