1873 3329
552 335 601 360 DE
634 335 844 360 &unsri-:¹111
882 335 1024 360 MAPPH
1059 335 1153 360 ViTA
1554 335 1591 363 67

105 423 240 482 igitur
276 420 536 461 moralitatis
570 420 793 476 professor
822 419 997 460 ludaeis
1030 419 1157 460 simul
1193 428 1232 460 et
1268 420 1386 461 clero
1419 422 1594 464 hostilis

104 499 349 541 videbatur.

162 577 356 631 Utraque
398 582 540 614 tamen
578 581 780 613 manente
813 571 1072 620 hostilitate,
1112 588 1197 612 non
1232 583 1464 630 propterea
1501 577 1592 635 regi

103 651 369 709 displicebat
406 650 645 692 walterius
693 666 699 688 :
745 651 868 704 eujus
913 648 973 689 rei
1023 648 1151 689 sidem
1200 649 1301 690 facit
1348 651 1429 691 hoc
1478 653 1594 710 quod

103 728 317 770 Henricus
354 727 389 767 II
424 725 685 769 XValterinm
715 742 734 765 a
772 742 815 765 se
847 725 1020 766 mittere
1054 725 1245 767 nolebat.
1281 728 1440 768 Munus
1478 729 1596 770 istud

101 807 293 845 errantis
318 803 486 860 judicis
520 817 597 858 per
632 801 906 842 intervallum
937 802 1224 843 exercebatur
1257 803 1473 860 siquidem
1511 806 1592 846 hoc

102 881 255 922 eodem
279 896 393 921 anno
426 878 535 920 1173
559 878 793 919 Dominum
820 879 859 918 in
883 879 1195 920 Normanniam
1218 881 1524 931 comitabatur,
1551 891 1593 923 et

101 958 260 999 exinde
287 957 340 998 ad
363 954 715 997 Lemovieensem
741 956 893 996 urbem
918 971 1014 996 cnm
1044 955 1140 1013 ipso
1169 958 1399 1015 pergebat.
1432 960 1590 1000 Mirum

102 1034 300 1092 profecto
339 1032 635 1090 spectaculum
671 1048 785 1075 euin.
827 1032 1000 1073 saeculo
1043 1049 1103 1074 xil
1146 1043 1366 1085 currente,
1411 1036 1593 1093 pelagus

101 1119 328 1169 peteretur
344 1109 567 1156 audacter,
594 1118 632 1150 et
651 1109 774 1149 valde
800 1109 1025 1150 intellectu
1046 1109 1170 1151 facile
1194 1112 1340 1161 nobis,
1361 1128 1455 1153 Cum
1482 1113 1599 1154 inter

100 1195 319 1229 tumentes
342 1185 514 1234 fluctus,
541 1185 702 1226 carinis
727 1186 846 1226 nullo
870 1195 1002 1242 ponte
1027 1186 1167 1236 fretis,
1194 1187 1391 1247 religiosi
1414 1190 1594 1231 timores

102 1264 359 1321 navigantes
395 1262 715 1320 opprimerent.

161 1339 442 1397 Singulareni
458 1339 701 1383 &Valterius
725 1339 1002 1380 devotionem
1021 1339 1212 1381 habebat
1235 1356 1335 1398 erga
1361 1342 1592 1398 quemdam

102 1417 362 1458 monachum
405 1416 809 1457 Glocestriensem¹

819 1450 826 1466 ,
872 1417 946 1474 qui
978 1417 1221 1475 Gregorius
1269 1417 1592 1474 appellabatur,

101 1495 224 1549 cujus
252 1501 447 1534 tutamen
478 1493 708 1534 invocabat
735 1492 911 1550 quando
940 1509 1093 1533 navem
1123 1493 1212 1534 sere
1240 1494 1383 1535 undae
1412 1511 1595 1551 supera-

100 1571 220 1612 bant.
250 1572 363 1611 Haec
386 1570 544 1611 fiducia
567 1579 658 1611 erat
680 1579 778 1611 nata
803 1586 852 1610 eo
874 1570 971 1627 ipso
995 1570 1065 1611 die
1088 1587 1174 1628 quo
1197 1571 1391 1628 procella
1413 1573 1595 1614 territus

104 1647 275 1688 viderat
311 1648 426 1688 hunc
461 1655 694 1704 patronum
739 1647 998 1688 monachum
1037 1664 1057 1686 «
1095 1664 1173 1704 per
1208 1648 1407 1705 singulos
1442 1658 1594 1690 nautas

101 1724 379 1765 incedentem
403 1724 757 1780 animantemque
781 1739 854 1764 eos
874 1731 916 1764 et
939 1723 1170 1764 docentem
1195 1742 1234 1764 )).
1265 1726 1380 1766 Haec
1403 1742 1489 1766 non
1515 1727 1597 1767 fuit

101 1798 271 1839 incassa
315 1797 466 1847 tutela,
510 1813 607 1838 cum
650 1797 865 1837 Henricus
907 1798 959 1847 ΙΙ,
1003 1813 1254 1855 compressa
1296 1799 1594 1855 subjectorum

103 1874 347 1916 rebellione.
381 1874 450 1929 (de
488 1890 571 1931 qua
606 1874 848 1917 walterius
885 1874 954 1915 vix
989 1883 1031 1915 et
1060 1875 1246 1916 obscure
1282 1875 1513 1933 loquitur),
1551 1877 1595 1917 in

103 1952 331 1993 Franciam
354 1951 446 1992 vela
476 1951 599 1992 dedit
619 1951 647 1991 ⁶².

159 2029 270 2069 Fere
291 2028 449 2086 viginti
471 2028 654 2069 navibus
677 2028 907 2069 constabat
930 2027 1110 2069 minima
1133 2028 1286 2070 classis
1312 2047 1333 2068 «
1364 2046 1472 2087 quae
1502 2031 1596 2089 regi

102 2106 366 2146 tenebantur
394 2105 447 2146 ad
468 2105 702 2146 transitum
734 2105 826 2146 sine
850 2105 993 2162 pretio
1025 2124 1063 2145 ».
1090 2107 1280 2147 Cunctas
1301 2107 1477 2164 disjecit
1498 2124 1595 2165 pro-

102 2182 208 2224 cella
233 2182 452 2239 fregitque
475 2182 668 2239 scopulis
690 2182 985 2223 Normanniae
1007 2191 1080 2223 aut
1106 2182 1308 2242 Angliae,
1336 2183 1450 2225 salva
1474 2184 1595 2225 dum-

103 2268 220 2300 taxat
253 2274 336 2300 una
375 2275 485 2316 quae
520 2259 686 2318 Regem
723 2275 819 2299 cum
856 2258 1029 2300 fortuna
1063 2260 1263 2300 vehebat.
1308 2261 1525 2302 Henricus
1557 2262 1595 2302 ΙΙ

103 2336 176 2394 qui
198 2336 482 2377 vehementer
504 2335 741 2392 exoptabat
763 2335 875 2376 hanc
904 2335 1019 2376 diem
1043 2337 1123 2377 sub
1152 2336 1294 2378 fausto
1322 2337 1498 2394 auspice
1526 2337 1597 2379 in-

103 2420 273 2468 ceptam
308 2412 490 2453 honeste
525 2427 572 2452 ac
604 2412 675 2468 pie
710 2411 851 2460 finire,
891 2429 912 2451 ‹<
950 2412 1137 2470 singulis
1172 2413 1318 2454 nautis
1354 2413 1594 2455 secundum

104 2504 253 2529 eorum
288 2489 635 2529 aestimationem
671 2488 843 2545 perdita
872 2489 1080 2538 restituit,
1118 2505 1216 2530 cum
1253 2506 1341 2531 non
1370 2499 1598 2532 teneretur

104 2564 186 2605 hoc
211 2564 375 2615 sacere;
402 2565 569 2622 fuitque
595 2581 762 2605 summa
789 2581 972 2623 magnae
1000 2566 1344 2616 numerositatis,
1377 2582 1474 2607 cum
1506 2566 1597 2607 sor-

105 2657 179 2682 san
203 2641 361 2698 aliquis
392 2657 466 2683 rex
482 2643 648 2698 justum
673 2658 761 2682 non
791 2641 993 2683 solvisset
1017 2642 1231 2684 debitum.
1258 2661 1279 2683 »

146 2795 175 2825 1.
194 2797 239 2825 De
261 2794 378 2828 Nauis,
430 2818 436 2824 .
458 2795 510 2824 68.

147 2842 176 2872 2.
198 2819 352 2882 ΙύίιΙἾῗ).
377 2805 427 2872 δὲ).
449 2841 522 2871 Non
545 2841 693 2871 libenter
717 2841 906 2872 certamina
927 2842 1150 2883 agnoscimus
1171 2842 1205 2872 in
1227 2842 1270 2873 iis
1298 2843 1595 2882 gratulationibus

107 2898 193 2928 quae
213 2889 287 2929 regi
308 2888 493 2918 walterius
517 2887 617 2918 offert
641 2888 683 2918 ob
701 2888 866 2918 extinctos
887 2888 1042 2920 viatores.
