1873 3329
594 263 644 288 013
678 264 732 289 w.
773 264 928 289 ΜΛΡΡΙΟ
965 263 1095 290 POETA
1532 261 1587 290 177

103 346 325 389 interdum
365 347 544 394 oblitus,
585 349 713 390 vertit
749 365 794 389 se
832 348 884 389 ad
916 349 1115 389 materias
1156 349 1278 389 valde
1314 367 1333 390 a
1369 349 1591 406 prioribus

104 423 300 466 diversas
344 450 401 456 —
448 433 492 466 ut
540 441 670 482 saepe
718 425 765 465 fit
816 426 858 465 in
909 425 1155 465 istiusmodi
1204 426 1494 482 temporibus,
1536 453 1592 458 —

105 500 273 542 scilicet
297 501 425 542 modo
448 502 709 559 potatoriam
739 501 1062 542 camiunculam
1087 502 1329 558 componit,
1362 503 1489 542 modo
1519 519 1593 544 sua

105 577 245 635 ipsius
268 578 708 635 peccataconlitetur,
727 578 942 618 autetiam
963 577 1130 618 facetiis
1147 578 1386 619 insectatur
1408 579 1592 620 amicum

106 655 302 712 conjugii
332 671 449 696 mare
471 664 674 696 aestuans
711 663 861 711 petere
893 670 979 695 non
1011 654 1301 695 dubitantem
1338 658 1433 707 Quo
1468 656 1596 697 modo

107 732 297 789 agebant
325 732 453 788 hujus
482 731 635 773 aetatis
667 731 929 787 sculpt‹)re5‚
956 731 1029 788 qui
1059 739 1159 788 post
1193 747 1330 772 annos
1367 732 1524 773 multos
1554 734 1595 773 in

108 807 333 849 caclandis
366 807 538 849 aedium
590 808 929 848 canonicarum¹
977 807 1128 864 lignis,
1173 816 1245 848 aut
1290 808 1599 865 exsculpandis

110 884 154 925 in
187 884 368 926 claustri
402 884 603 926 silentio²
632 884 856 941 peristylis
893 885 1155 940 insumptos,
1200 885 1393 926 animum
1435 885 1602 927 relaxa-

111 961 218 1002 bant
246 961 407 1020 figuras
430 960 751 1018 aliquantulum
776 960 1055 1002 lascivientes
1084 961 1358 1003 efformando
1381 971 1454 1003 aut
1475 962 1602 1004 ludos

111 1039 345 1080 verborum
380 1037 564 1094 alicujus
593 1037 781 1079 levitatis
814 1037 1117 1095 exprimendo.
1145 1040 1266 1090 Quae
1293 1054 1445 1080 omnes
1475 1047 1603 1080 notae

113 1130 244 1172 saepe
267 1130 413 1156 seeum
445 1115 591 1172 specie
619 1123 884 1171 pugnantes,
911 1130 1056 1155 nonne
1078 1115 1183 1155 satis
1210 1124 1251 1156 et
1272 1116 1469 1172 praecise
1493 1116 1607 1157 indi-

113 1200 217 1234 cant
237 1192 353 1232 hunc
374 1191 549 1232 virtutis
573 1192 830 1250 magistrum
855 1192 898 1231 in
923 1192 1053 1232 rebus
1074 1192 1265 1248 politicis
1289 1192 1603 1240 errabundum,

116 1269 234 1309 hunc
286 1268 575 1318 sacerdotem,
622 1269 665 1308 in
712 1268 1006 1310 Universitate
1054 1269 1292 1310 Parisiensi
1339 1269 1605 1320 studentem,

114 1345 326 1386 Abelardi
342 1347 432 1402 jam
453 1345 622 1403 pridem
649 1345 809 1386 mo'rtui
833 1345 1116 1402 discipulum,
1134 1361 1222 1387 uno
1242 1346 1376 1387 verbo
1392 1347 1463 1389 W.
1490 1347 1609 1403 Map-

119 1423 239 1480 pium
256 1422 273 1463 ‚³
294 1421 527 1474 Quomodo
544 1438 630 1463 non
648 1437 938 1480 agnoscamus
961 1422 1005 1463 in
1028 1424 1122 1479 ejus
1138 1422 1416 1464 brevioribus
1434 1439 1612 1480 poema-

120 1499 241 1541 tibus
269 1499 470 1540 naturale
506 1498 880 1556 complementum
905 1499 993 1540 sive
1027 1499 1306 1548 historicum,
1332 1499 1420 1540 sive
1450 1499 1611 1542 littera-

119 1575 233 1617 rium
259 1576 408 1632 operis
433 1576 491 1617 De
518 1575 714 1633 Nugis³I³

851 1773 888 1814 II

185 1884 238 1926 Hi
261 1885 376 1926 enim
399 1900 569 1935 versus,
594 1885 668 1942 qui
691 1885 745 1926 ad
773 1884 987 1926 ducentos
1015 1893 1088 1926 aut
1108 1893 1330 1926 trecentos
1352 1885 1441 1926 sere
1470 1900 1619 1925 nume-

126 1971 297 2013 rantur,
332 1963 547 2019 praebent
594 1963 722 2003 nobis
762 1962 908 2003 brevia
946 1961 1122 2019 quidem
1162 1970 1205 2003 at
1243 1977 1331 2002 non
1364 1962 1487 2019 parvi
1527 1977 1618 2002 mo-

129 2038 265 2079 menti
324 2038 587 2080 documenta
646 2039 698 2080 de
759 2039 1108 2097 cogitationibus
1154 2055 1265 2096 quae
1320 2045 1398 2079 1111ο
1447 2037 1619 2079 saeculo

130 2124 298 2156 mentes
322 2116 561 2173 agitabant.
595 2116 702 2157 Istas
737 2116 941 2173 strophas
971 2115 1177 2174 legendo,
1210 2131 1393 2173 quarum
1421 2115 1620 2156 versibus

130 2192 336 2234 similiter
370 2192 677 2234 desinentibus
710 2208 835 2234 aures
866 2209 950 2233 non
985 2193 1213 2234 harmonia
1247 2192 1510 2243 mulcentur,
1545 2191 1622 2232 sed

133 2277 180 2310 ut
210 2284 318 2310 sono
351 2285 587 2325 campanae
620 2269 869 2326 pulsantur,
909 2269 1118 2311 distincte
1164 2269 1458 2327 perspicimus
1494 2284 1622 2326 quam

132 2345 293 2387 ardens
330 2346 462 2387 fuerit
498 2346 571 2387 illa
601 2347 848 2387 animorum
880 2347 1123 2397 renovatio,
1157 2362 1374 2404 quamque
1403 2346 1625 2403 legitimae

135 2422 235 2465 illae
270 2422 323 2464 cle
353 2423 583 2481 religionis
613 2423 869 2464 discrimine
905 2423 1125 2480 querelae.
1166 2425 1401 2464 Praeterea
1430 2423 1625 2463 videmus

180 2535 208 2565 1.
238 2549 248 2559 ·
276 2534 374 2564 Saint
395 2534 564 2565 Bertrand
582 2535 623 2565 de
641 2534 861 2575 Comn'iinges
883 2550 908 2571 ιι,
934 2535 1027 2575 apud
1051 2550 1062 2560 u
1086 2535 1225 2566 Luchon
1248 2546 1276 2566 ›>.

179 2583 210 2613 2.
226 2581 427 2621 Montreale,
448 2582 540 2622 apud
561 2582 769 2614 Palm-mam.

180 2630 209 2659 3.
243 2629 335 2659 Duae
359 2629 463 2659 etiam
490 2629 578 2659 aliae
607 2634 708 2659 notae
734 2629 895 2659 universo
932 2629 1012 2659 huic
1046 2635 1246 2670 poematum
1281 2628 1398 2669 generi
1432 2637 1630 2657 communes

139 2686 257 2705 eorum
279 2675 542 2706 similitudinem
566 2676 789 2711 confirmautg
812 2675 976 2705 videlicet
993 2676 1109 2706 omnia
1128 2677 1197 2706 sere
1215 2680 1376 2716 poemata
1399 2674 1530 2713 scripta
1555 2678 1632 2703 sunt

140 2722 295 2763 strophis
315 2733 476 2752 versuum
495 2723 543 2753 10.
562 2722 611 2758 11,
628 2722 666 2751 1⁶2
682 2727 741 2751 aut
763 2723 800 2751 13
823 2722 1053 2763 syllabarum,
1071 2734 1216 2762 quorum
1235 2723 1333 2752 unica
1349 2723 1401 2751 lex
1423 2726 1474 2751 est
1490 2725 1525 2750 ut
1542 2720 1634 2749 simi-

141 2769 221 2800 liter
241 2770 414 2804 desinant,
438 2770 560 2800 horum
580 2774 779 2809 poematum
809 2771 876 2799 sere
903 2770 1057 2799 oninium
1081 2771 1191 2800 forma
1210 2775 1261 2800 est
1286 2769 1456 2798 somnium
1476 2772 1508 2797 et
1531 2767 1631 2802 visio,

142 2826 166 2856 1,
187 2827 224 2854 11,
251 2827 311 2853 vn,
338 2827 413 2853 vm,
436 2827 466 2847 x.

1408 2882 1447 2912 10
