1873 3329
576 359 624 384 DE
658 359 868 384 wAL'ri-:nll
905 358 1046 383 MAPPH
1083 359 1178 386 vi'rA
1578 358 1616 381 κ’.)

128 446 267 487 Mater
313 445 410 494 Dei,
461 445 670 485 miserere
712 461 748 483 ».
796 443 1041 500 Episcopus
1090 452 1231 483 autem
1281 444 1470 483 Joanncs
1519 459 1612 482 cum

126 522 317 563 lacrimis
361 521 617 562 exclamavit
656 537 663 560 :
699 538 719 558 «
759 521 873 562 Vere
908 536 1037 560 sanus
1072 529 1133 559 est
1173 536 1306 577 aeger
1344 538 1350 560 :
1388 521 1456 560 liic
1496 519 1613 559 solus

125 598 361 656 episcopus
399 608 486 648 est3
522 614 600 639 nos
635 605 777 638 autem
813 612 942 636 canes
982 612 1068 636 non
1100 596 1294 636 valentes
1335 597 1493 637 latrare
1517 599 1541 636 ¹.
1590 614 1610 634 »

125 675 368 716 Fatendum
393 684 457 716 est
490 689 720 731 personam
755 673 888 721 illam,
921 688 1047 730 quam
1085 672 1252 713 inducit
1282 673 1499 729 Mappius,
1528 688 1611 712 non

125 767 219 793 esse
250 768 382 793 unum
412 768 434 792 e
462 751 609 792 multis
632 751 872 791 hominem.

185 830 372 870 Sanctus
407 830 561 869 Petrus
596 827 648 868 de
685 827 936 867 Ta1·011tasia
972 827 1127 883 primis
1161 826 1411 867 duodecimi
1449 826 1611 867 saeculi

124 906 250 946 annis
283 915 407 946 natus
442 914 523 955 est,
554 921 574 945 e
616 904 775 945 familia
813 912 934 944 ortus
976 904 1018 944 in
1054 920 1138 960 qua
1174 920 1300 944 nemo
1333 913 1393 943 est
1435 904 1507 960 qui
1541 914 1614 945 aut

126 1000 146 1022 «
185 984 371 1024 Sanetus
411 999 431 1021 n
473 990 545 1023 aut
587 1000 605 1020 «
645 983 804 1022 Beatus
848 999 867 1019 »
910 981 963 1021 ab
1004 981 1196 1022 Ecclesia
1240 997 1326 1021 non
1365 981 1612 1022 declaratus

126 1059 272 1100 suerit.
309 1059 490 1102 Juvenis
525 1058 666 1099 adhuc
695 1058 748 1098 ad
777 1060 1078 1115 episcopatum
1111 1066 1299 1106 evectus,
1332 1074 1428 1099 cnm
1462 1067 1611 1099 sancto

122 1136 349 1177 Bel-nardo
381 1137 528 1193 junxit
568 1136 820 1184 amicitiam,
863 1135 1226 1177 Cisterciensium
1264 1135 1422 1175 Ordini
1456 1136 1498 1176 in
1536 1151 1609 1176 sua

121 1212 314 1255 dioecesi
360 1212 584 1254 insidendi
637 1212 740 1253 feeit
785 1220 1067 1270 potestatem,
1110 1220 1150 1252 et
1197 1213 1392 1252 omnium
1441 1213 1611 1253 animos

120 1289 413 1347 indulgentia,
447 1291 641 1331 omnium
670 1289 1007 1330 admirationem
1046 1289 1228 1345 patratis
1266 1288 1491 1343 miraculis
1527 1289 1610 1329 sibi

119 1367 385 1409 conciliavit.
428 1367 595 1409 Delatis
648 1366 731 1408 sibi
769 1366 1031 1414 honoribus,
1060 1365 1238 1406 tributis
1286 1381 1370 1422 que
1408 1365 1611 1407 laudibus

120 1443 386 1500 pavefactus,
423 1451 685 1501 potestatem
716 1460 736 1483 a
771 1444 862 1483 Deo
899 1458 1153 1483 concessam
1190 1422 1486 1482 reformidans
1524 1458 1613 1483 mo-

119 1520 373 1578 destiaeque
419 1522 596 1571 timens,
644 1520 797 1561 urbem
844 1518 1141 1576 episcopalem
1186 1526 1370 1576 repente
1411 1517 1607 1573 reliquit,

120 1597 460 1655 mendicumque
483 1598 710 1648 mentitus,
737 1598 779 1638 in
806 1597 1122 1638 monasterium
1152 1595 1375 1653 quoddam
1403 1594 1610 1635 Aleman-

119 1675 217 1716 niae
252 1674 436 1733 aufugit.
464 1674 552 1717 Sed
584 1690 685 1716 oves
717 1673 962 1731 profectum
992 1681 1213 1730 pastorem
1243 1672 1447 1729 lugentes
1477 1686 1609 1728 quae-

117 1760 236 1804 runt,
265 1760 486 1809 repertum
511 1768 532 1793 e
561 1751 803 1792 solitudine
825 1751 1036 1808 eripiunt,
1062 1758 1222 1790 etcum
1253 1749 1412 1790 reduce
1441 1749 1609 1789 Taren-

115 1828 269 1870 tesiam
301 1828 668 1885 triumphantium
700 1844 818 1868 more
846 1826 1174 1884 ingrediuntur.
1210 1827 1322 1868 Tum
1350 1825 1470 1866 Petri
1497 1823 1605 1865 sama

116 1906 159 1946 in
200 1906 461 1947 immensum
496 1906 647 1954 crevit,
680 1905 722 1946 in
760 1905 1021 1945 immensum
1056 1905 1187 1944 etiam
1215 1904 1310 1959 ejus
1347 1901 1601 1943 auctoritas.

115 1983 241 2032 Cum,
273 1983 508 2024 schismate
540 1983 730 2039 primum
759 1990 1003 2039 grassante,
1036 1980 1285 2020 nuntiatum
1321 1988 1387 2020 est
1426 1980 1604 2019 Petrum

114 2062 350 2103 Alexandri
373 2062 494 2104 tertii
515 2071 661 2119 partes
685 2062 824 2119 sequi,
853 2077 1059 2102 assensus
1082 2060 1154 2101 ille
1178 2058 1438 2116 desperanti
1461 2060 1605 2115 Papae

113 2139 318 2180 virtutem
353 2139 548 2180 reddidit
582 2140 814 2198 integram.
854 2139 980 2187 Cum,
1013 2153 1125 2178 anno
1160 2136 1287 2187 1161,
1318 2145 1365 2177 nt
1397 2137 1603 2177 haereses

114 2216 157 2256 in
198 2216 292 2257 dies
338 2224 485 2257 auctas
535 2216 863 2273 praedicatione
912 2215 1207 2273 impugnaret,
1257 2222 1413 2273 gentes
1455 2213 1602 2253 Rheni

113 2292 282 2334 accolas
310 2293 480 2342 invisit;
506 2309 620 2342 eum,
646 2293 796 2350 paucis
820 2300 919 2349 post
947 2291 1088 2341 annis,
1118 2299 1164 2331 ut
1183 2290 1438 2332 Alexandro
1467 2289 1601 2330 tertio

108 2370 283 2426 jubenti
336 2379 526 2426 pareret,
576 2370 617 2410 in
672 2369 839 2410 Italiam
893 2385 938 2410 se
984 2367 1187 2418 contulit,
1237 2376 1352 2408 totae
1401 2367 1600 2407 civitates

112 2447 283 2487 obviam
314 2447 507 2488 venienti
540 2455 867 2504 processerunt,
903 2445 1162 2486 mulieribus
1204 2444 1422 2501 pretiosas
1458 2451 1600 2484 vestes

111 2532 210 2564 ante
252 2523 386 2580 pedes
421 2524 559 2565 saneti
586 2524 666 2564 viri
707 2524 749 2564 in
782 2524 847 2564 via
890 2522 1207 2573 sternentibus,
1247 2537 1344 2562 eum
1383 2521 1477 2577 ipse
1512 2536 1599 2560 uno

111 2608 238 2657 gestu
267 2601 407 2641 caecis
429 2601 585 2651 visum,
613 2601 742 2641 mutis
774 2616 922 2641 vocem
954 2599 1160 2640 redderet
1181 2600 1210 2642 ⁸².
1235 2600 1398 2640 Tantae
1426 2597 1599 2637 virtutis

111 2676 360 2726 admiratio,
392 2693 557 2718 memor
589 2677 848 2718 collatorum
879 2678 921 2717 in
950 2676 1136 2734 Angliae
1171 2691 1319 2734 regem
1354 2673 1597 2714 officiorum

151 2823 180 2853 1.
202 2825 248 2853 De
267 2823 383 2865 Nugis,
407 2835 440 2864 p.
467 2825 517 2861 70,
542 2824 602 2854 lin.
629 2825 680 2863 20,
700 2825 749 2854 25.

151 2871 180 2901 2.
204 2871 294 2902 Ilaec
312 2871 426 2901 onmia
445 2872 630 2912 desumpta
652 2876 730 2902 sunt
750 2883 766 2902 e
784 2871 886 2902 libris
907 2872 1033 2912 quibus
1049 2872 1171 2901 titulus
1189 2882 1194 2901 :
1212 2871 1355 2910 Brutay,
1374 2869 1472 2900 Saint
1486 2869 1598 2899 Pz'erre

110 2916 152 2947 de
173 2917 206 2948 la
230 2918 440 2957 Tarentaise,
466 2919 655 2959 Besancon‚
680 2921 778 2957 18753
800 2919 970 2959 Chevray,
990 2919 1139 2955 Beaune,
1163 2919 1259 2953 1841;
1283 2918 1329 2948 ι’(Ι.
