1873 3329
526 368 575 393 DE
609 369 819 395 WAL'rEun
855 369 998 394 MAPPH
1036 369 1131 394 x'i'rA
1531 365 1569 393 75

77 453 266 495 fideliter
285 462 469 494 testatur
496 454 743 494 Matthocus
763 454 884 495 l’aris
904 455 929 498 ¹,
949 469 1108 494 vocans
1125 453 1198 493 illa
1222 462 1382 494 statuta
1408 472 1428 492 «
1448 456 1567 495 omni

78 530 205 572 laude
226 530 486 587 dignissima
519 531 565 570 υἷ’
587 532 651 571 An
681 538 832 571 contra
864 530 1001 586 ipsius
1031 529 1260 571 admiratio
1289 531 1434 571 curiae
1458 547 1568 587 pon-

75 606 248 648 tificalis
278 606 544 663 flagitiorum
574 606 773 647 luctuoso
809 606 1059 663 spectaculo
1090 606 1169 646 suit
1203 608 1429 647 imminuta
1443 608 1460 647 ἶ)
1488 608 1568 648 Cui

77 684 415 741 interrogationi
448 683 569 724 valde
593 683 772 724 difficile
796 691 861 724 est
885 699 1144 739 responsum
1175 684 1368 740 reperire
1400 685 1440 724 in
1471 685 1568 724 brc-

75 760 270 801 vioribus
293 761 468 818 paginis
490 776 599 817 quae
622 761 811 816 tempori
833 776 911 817 per
933 759 1049 816 quod
1081 761 1245 801 Romae
1273 769 1568 800 commoratus

74 846 142 879 est
170 853 414 895 congruere
442 837 660 878 videntur.
689 838 735 877 In
766 836 954 893 quodam
983 835 1080 878 loco
1107 836 1206 877 libri
1237 855 1256 875 «
1292 838 1354 878 De
1384 838 1520 895 Nugis
1546 856 1565 875 »

76 914 184 955 istos
213 923 334 955 notat
367 915 588 955 Romanos
625 931 646 953 «
684 914 759 970 qui
793 913 973 954 laudant
1005 914 1327 964 auctoritatem,
1359 915 1429 954 cui
1458 914 1569 973 largi

77 990 268 1041 fuerunt,
312 998 358 1031 ut
390 990 669 1048 privilegium
701 990 918 1031 referrent
952 991 1157 1031 avaritiae
1198 1008 1236 1031 ».
1275 991 1385 1031 Tum
1415 1006 1569 1047 prose-

75 1067 225 1124 quitur
260 1084 267 1107 :
301 1085 321 1106 «
359 1068 513 1108 Junior
542 1067 618 1118 sui,
650 1067 811 1108 etenim
842 1067 989 1116 scnui3
1021 1075 1063 1108 et
1095 1083 1181 1108 non
1212 1067 1299 1108 vidi
1332 1083 1567 1124 pauperem

77 1144 239 1185 referre
280 1144 574 1201 privilegium,
609 1160 688 1185 nec
730 1160 878 1185 semen
911 1146 1005 1199 ejus
1045 1153 1198 1185 contra
1230 1146 1302 1200 jus
1334 1160 1567 1185 commune

76 1221 362 1279 singulariter
389 1222 642 1278 impetrare,
672 1221 773 1278 quia
796 1221 838 1262 in
866 1236 1053 1278 quorum
1084 1221 1286 1262 manibus
1310 1221 1569 1278 iniquitates

76 1306 194 1349 sunt,
219 1298 397 1340 dextera
419 1314 569 1339 eorum
593 1298 761 1355 repleta
783 1307 849 1339 est
877 1298 1149 1347 muneribus,
1176 1307 1218 1339 et
1241 1298 1359 1356 quia,

382 1410 421 1443 Si
443 1410 534 1443 nihil
553 1410 740 1448 attuleris,
765 1410 853 1448 ibis,
878 1410 1054 1449 Homere,
1076 1410 1192 1444 foras.

76 1517 312 1558 Dominum
344 1517 466 1558 aiunt
496 1518 691 1558 omnium
718 1517 1015 1558 Ecclesiarum
1044 1533 1217 1574 papam,
1250 1525 1293 1559 et
1321 1517 1405 1574 ipsi
1436 1517 1569 1557 licere

76 1602 121 1635 ut
144 1594 299 1635 evellat
323 1602 365 1635 et
393 1593 606 1645 destruat,
644 1603 686 1635 et
719 1593 921 1635 aedificet
946 1602 987 1634 et
1029 1594 1220 1651 plantet3
1248 1596 1392 1651 justos
1425 1603 1570 1635 autem

77 1686 121 1712 se
149 1671 202 1712 ab
230 1671 328 1728 ipso
358 1671 537 1727 rapinae
561 1687 840 1728 possessores
864 1672 1104 1711 asserunt2.
1139 1690 1160 1710 »

134 1749 190 1789 At
216 1748 368 1804 paucis
398 1747 526 1789 lineis
550 1748 811 1805 interjectis,
837 1748 1024 1789 clericus
1053 1747 1170 1789 idem
1197 1749 1273 1805 qui
1294 1756 1382 1789 tam
1411 1749 1569 1790 acerbe

75 1826 316 1867 Romanam
346 1825 511 1865 curiam
540 1824 816 1882 corruptelae
847 1825 1073 1882 arguebat,
1106 1824 1265 1866 lectori
1292 1833 1441 1865 narrat
1471 1825 1574 1865 insi-

74 1902 169 1944 dias
203 1902 309 1943 satis
343 1902 580 1942 inurbanas
627 1918 647 1942 a
688 1918 732 1942 se
768 1902 924 1959 legatis
962 1901 1247 1943 Valdensium
1284 1911 1458 1959 paratas
1496 1902 1571 1959 qui

75 1995 172 2020 eum
196 1978 493 2020 cardinalibus
521 1978 794 2035 disputatum
823 1980 1074 2020 venerant?

134 2057 288 2097 Nonne
317 2055 507 2111 quodam
531 2055 661 2096 modo
689 2055 773 2096 sibi
801 2055 887 2112 ipsi
909 2055 1134 2096 discordat
1162 2056 1293 2096 homo
1324 2055 1399 2113 qui
1426 2055 1571 2097 verbis

74 2133 244 2190 asperis
268 2140 389 2173 notat
414 2141 456 2173 et
479 2132 643 2173 curiam
672 2131 970 2189 pontificalem
1000 2141 1042 2173 et
1069 2133 1186 2173 viros
1209 2133 1383 2174 sincero
1417 2132 1572 2174 Eccle-

77 2210 183 2251 siam
197 2209 456 2251 catholicam
471 2209 736 2250 emendandi
750 2209 895 2250 studio
909 2209 1063 2250 elatos.
1087 2210 1244 2266 Specie
1261 2226 1363 2250 vero
1379 2218 1568 2260 tantum,

73 2295 228 2328 auctor
244 2295 394 2327 noster
416 2302 505 2327 non
527 2286 611 2326 sibi
633 2295 820 2328 constat.
840 2288 897 2328 Ut
912 2286 1024 2327 infra
1048 2286 1335 2334 videbimus&
1355 2288 1425 2330 W.
1452 2288 1571 2344 Map-

76 2364 175 2420 pius
192 2379 304 2404 unus
327 2363 581 2404 estillorum
604 2364 948 2406 Universitatum
973 2363 1249 2404 alumnorum
1270 2364 1345 2420 qui
1363 2363 1571 2404 sanandis

78 2440 298 2482 Ecclesiae
322 2440 562 2481 catholicae
591 2441 756 2481 morbis
779 2441 1042 2497 aptissinum
1069 2440 1314 2482 remedium
1342 2457 1438 2481 csse
1462 2442 1570 2482 exis-

75 2491 291 2583 timabatlt
319 2533 406 2558 non
439 2517 550 2558 forte
579 2534 630 2558 ex
656 2526 748 2558 toto
774 2518 1123 2567 conversionem,
1156 2517 1231 2559 sed
1260 2518 1396 2559 multo
1433 2519 1570 2576 magis

76 2585 364 2650 temperatam
399 2594 772 2646 reformationem,
810 2595 862 2635 ab
897 2594 992 2652 ipso
1022 2595 1156 2644 clero,
1183 2595 1362 2653 regibus
1392 2603 1434 2636 et
1462 2594 1572 2637 Uni-

76 2671 358 2712 versitatibus
387 2671 714 2722 auxiliantibus,
740 2680 951 2713 tentatam
975 2680 1103 2729 atque
1133 2671 1389 2728 perfectam.

119 2786 150 2816 1.
175 2784 301 2816 Chron.
324 2786 418 2827 Maj.,
442 2797 530 2816 anno
554 2787 644 2817 1179.

120 2833 151 2864 2.
172 2835 219 2863 De
242 2833 361 2875 Nagia,
383 2845 417 2874 p.
443 2836 492 2864 50.

119 2881 150 2911 3.
174 2882 222 2911 De
235 2881 356 2922 Nug1'3‚
375 2892 410 2921 p.
433 2883 484 2911 65.

120 2928 151 2960 4.
173 2928 286 2969 Caput
308 2929 350 2960 11.
