1842 3288
239 324 299 354 122
735 328 788 352 DE
819 327 1047 353 WALTEmo
1080 328 1238 353 MAPPIO

242 413 514 456 auctoritatis
543 412 659 470 apud
681 428 782 453 suos
805 413 1024 464 habuerit,
1046 412 1245 469 judicare
1269 412 1410 454 liceat.
1445 413 1564 456 Nihil
1590 423 1733 455 autem

243 490 396 531 melius
428 505 557 546 quam
590 489 744 530 titulus
778 489 889 545 ipse,
929 506 1013 547 quo
1048 489 1160 530 liber
1195 490 1430 546 pertineat,
1464 490 1537 531 dat
1567 489 1734 531 intelli-

242 567 458 625 gendum3
501 567 663 607 etenim
710 582 847 623 nugas
895 566 1030 617 illius,
1077 583 1186 623 quae
1232 566 1346 623 apud
1396 582 1521 626 reges
1570 567 1731 627 agitur,

241 644 352 685 vitae
382 659 576 692 narrare,
608 652 696 690 aut,
729 644 764 684 si
793 644 928 685 mavis
953 661 973 682 «
1005 653 1155 685 notare
1186 643 1425 684 incidentia
1454 645 1461 665 ¹

1494 661 1534 695 >›,
1564 652 1611 685 ut
1640 644 1735 701 ipse

243 722 317 772 ait,
361 736 549 778 quorum
588 721 713 761 testis
755 720 836 761 suit
870 721 1029 762 litteris
1060 720 1127 761 vel
1163 720 1353 778 publicis
1391 721 1521 761 rebus
1556 736 1734 777 operam

243 798 405 848 dando,
443 799 526 838 hoc
565 806 663 838 ante
699 798 844 838 omnia
884 798 1160 855 propositum
1201 806 1461 854 persecutus
1495 806 1575 847 est,
1611 797 1730 845 dum,

244 875 433 916 llenrico
474 874 668 915 secundo
705 875 887 931 jubente
926 876 955 926 ²,
1000 875 1093 916 sine
1128 874 1282 915 ordine
1324 875 1494 915 scribit.
1538 874 1734 915 Alterum

242 960 387 992 tamen
425 951 554 992 etiam
589 951 721 992 vestit
752 951 943 1008 assequi,
980 951 1149 992 scilicet
1183 951 1247 992 illi
1275 951 1386 992 nihil
1421 951 1646 1008 antiquius
1672 960 1739 992 est

587 986 612 1010 t>

243 1044 373 1085 quam
414 1037 460 1069 ut
497 1027 736 1068 historicus
782 1037 825 1070 et
866 1028 1043 1069 vivendi
1083 1037 1344 1085 praeceptor
1382 1044 1476 1069 esse
1517 1028 1732 1069 videatur.

242 1105 361 1147 Nihil
398 1114 563 1146 attente
597 1105 775 1163 legitur,
814 1106 925 1147 nihil
960 1106 1219 1163 eloquenter
1247 1114 1465 1156 narratur,
1498 1105 1584 1146 nisi
1618 1105 1738 1162 quod

246 1191 447 1224 versatur
479 1182 595 1224 circa
629 1183 969 1240 praeteritorum
1002 1192 1249 1239 temporum
1287 1182 1439 1223 laudes
1477 1199 1484 1222 :
1520 1182 1738 1240 quidquid

246 1276 348 1301 vero
371 1259 425 1300 ad
453 1268 638 1301 aetatem
667 1269 863 1300 nostram
887 1260 1059 1311 attinet,
1092 1259 1315 1300 fastiditur
1340 1268 1382 1300 et
1410 1259 1586 1300 silentio
1615 1275 1739 1316 prae-

241 1337 519 1378 termittitur.
541 1338 601 1378 Ea
618 1345 683 1377 est
698 1337 904 1381 Walterii
921 1337 1156 1387 sententia,
1176 1337 1251 1393 qui
1267 1337 1335 1377 his
1348 1337 1493 1377 verbis
1510 1337 1735 1393 queritur:

247 1431 268 1453 (t
300 1414 407 1466 Quis
435 1414 593 1455 audeat
621 1414 873 1471 quicquam,
906 1414 1024 1471 quod
1052 1413 1186 1454 hodie
1215 1413 1303 1461 fiat,
1342 1413 1630 1471 impaginare‚
1667 1422 1741 1455 aut

245 1490 311 1531 vel
343 1491 521 1531 nomina
556 1499 707 1531 nostra
744 1491 965 1531 scribere?
1000 1492 1129 1532 Certe
1160 1490 1195 1530 si
1230 1490 1486 1541 Henricum,
1523 1489 1590 1530 vel
1625 1490 1740 1531 Gau-

241 1576 400 1617 terum,
426 1567 492 1607 vel
517 1567 646 1607 etiam
668 1575 791 1608 tuum
814 1566 953 1624 ipsius
982 1583 1141 1607 nomen
1164 1566 1323 1624 aliquis
1349 1582 1485 1607 novus
1515 1567 1741 1608 character

244 1645 528 1685 subnotatum
559 1644 849 1700 praestiterit,
879 1643 1128 1701 vilependis
1164 1652 1206 1685 et
1234 1643 1370 1694 rides,
1402 1652 1443 1684 at
1470 1659 1557 1684 non
1588 1659 1738 1684 eorum

241 1722 362 1772 vitio,
389 1730 431 1762 et
458 1721 626 1762 utinam
656 1737 745 1762 non
773 1721 872 1762 tuo!
906 1721 1035 1774 Quod
1065 1721 1101 1761 si
1129 1720 1437 1773 Hannibalem,
1467 1720 1534 1761 vel
1563 1721 1739 1761 Menes-

242 1807 414 1846 tratem,
434 1798 501 1839 vel
517 1797 698 1855 aliquod
715 1798 885 1855 priscae
904 1798 1128 1839 suavitatis
1144 1813 1306 1839 nomen
1324 1797 1586 1854 inspexeris,
1604 1797 1738 1855 erigis

242 1876 450 1925 animum,
484 1883 526 1915 et
556 1875 849 1932 praementita
884 1891 1039 1916 aureae
1075 1875 1229 1916 aetatis
1262 1874 1432 1915 saecula
1455 1874 1739 1932 ingressurus

242 1953 379 2011 gestis
421 1961 464 1993 et
497 1952 688 1993 exsultas
716 1953 728 1974 3

737 1987 744 1993 .
785 1970 804 1990 n
843 1953 1066 2004 Attamen,
1107 1952 1196 1993 sive
1230 1952 1376 1993 animo
1411 1952 1735 2008 obsequuntur,

243 2031 331 2071 sive
360 2029 516 2071 nolunt
537 2045 693 2086 pravae
718 2029 1029 2070 consuetudini
1049 2030 1241 2081 obstare,
1268 2028 1471 2070 dubitant
1488 2044 1536 2069 ea
1559 2043 1739 2068 narrare

243 2123 352 2165 quae
381 2108 547 2148 habent
570 2124 590 2146 «
618 2105 803 2147 forsitan
827 2106 996 2163 aliquid
1021 2106 1255 2163 Sophoclis
1278 2107 1494 2147 cothurno
1517 2121 1604 2146 non
1628 2105 1739 2145 indi-

242 2200 378 2241 gnum
400 2185 413 2205 ὦ
442 2201 481 2226 )).
516 2183 757 2228 WValterius
781 2192 941 2232 autem,
973 2199 1071 2224 cum
1099 2184 1144 2224 in
1167 2192 1312 2224 mente
1336 2183 1495 2223 habeat
1523 2183 1566 2222 in
1595 2182 1737 2222 lucem

244 2261 288 2301 id
311 2261 510 2317 proferre
541 2260 659 2317 quod
686 2261 916 2317 proprium
947 2260 1014 2301 sui
1044 2260 1207 2302 saeculi
1234 2260 1462 2318 ingenium
1492 2258 1686 2317 detegat,
1718 2274 1740 2298 a

244 2338 475 2394 proposito
499 2354 725 2395 nunquam
748 2337 1047 2379 deterrebitur
1078 2354 1086 2378 :
1114 2355 1135 2377 ((
1158 2337 1329 2379 Nobilis
1352 2345 1394 2377 et
1423 2335 1611 2377 studiosi
1637 2335 1737 2385 viri,

245 2414 406 2471 inquit,
430 2414 712 2471 triumphalis
741 2423 807 2456 est
835 2415 1060 2462 instantia,
1092 2430 1221 2472 quem
1251 2430 1272 2454 a
1301 2413 1446 2454 studio
1475 2428 1563 2453 non
1591 2412 1739 2453 deter—

246 2500 344 2532 rent
366 2491 500 2532 tussis
529 2500 601 2532 aut
626 2491 741 2543 tisis,
774 2499 846 2532 aut
869 2491 977 2533 aliae
1007 2491 1348 2548 qualescumque
1376 2489 1736 2547 inaequalitates3

245 2568 494 2626 angustiato
517 2569 694 2625 corpori
718 2568 1017 2610 sollicitudine
1041 2568 1297 2625 martyrium
1321 2567 1527 2608 adsciscit
1545 2568 1558 2588 5
1582 2583 1621 2606 )).
1650 2567 1739 2608 Nec

286 2701 315 2730 ¹1.
337 2703 383 2730 De
404 2700 522 2741 Nugis,
541 2711 577 2741 p.
600 2701 671 2732 142.

285 2749 315 2778 2.
335 2747 434 2786 Ibid.,
460 2760 494 2790 p.
519 2749 579 2778 140
600 2758 606 2778 :
627 2763 639 2774 «
666 2748 801 2778 Domini
826 2748 891 2779 mei
912 2749 1109 2789 praeceptis
1131 2748 1274 2789 obsequi
1295 2752 1439 2778 conatus
1464 2763 1488 2778 ».

286 2796 316 2824 3.
342 2795 442 2833 mid„
463 2807 498 2836 p.
518 2796 589 2827 196.

286 2843 317 2872 4.
343 2842 445 2882 Ibid„
464 2854 498 2883 p.
520 2843 592 2874 195.

289 2892 318 2920 5.
339 2890 443 2927 Ibid„
470 2902 506 2931 p.
529 2890 597 2922 197.
