1842 3288
274 296 313 325 24
767 305 817 329 DE
852 305 1073 331 WALTEnio
1109 306 1264 331 MAPPlo

270 395 466 443 gentem.
502 388 672 429 Profuit
704 389 833 430 ctiam
863 390 1055 448 ingeniis
1088 390 1339 431 duodecimi
1370 390 1531 431 saeculi
1559 391 1760 432 Renova-

273 463 333 504 tio
353 481 361 513 3
379 464 572 505 Parisios
587 464 739 523 igitur,
764 466 951 508 feracem
970 468 1086 509 illam
1103 466 1378 525 ingeniorum
1397 467 1598 508 tellurem
1614 468 1762 508 invisit

271 541 492 596 Mappius,
527 556 624 582 cum
655 558 866 584 novarum
899 560 1044 585 rerum
1076 544 1318 585 fautoribus
1348 552 1388 584 et
1417 544 1458 583 in
1483 544 1624 585 Gallia
1648 553 1688 585 et
1717 545 1758 586 in

270 616 427 673 Anglia
458 627 772 669 conversatum
808 637 938 662 omne
982 637 1122 678 genus
1164 621 1407 661 litterarum
1446 636 1523 661 suo
1561 630 1760 677 tempore

272 693 541 734 excultarum
566 695 743 751 scriptis
768 697 1093 754 complectitur,
1117 698 1391 754 praeceptiva
1419 697 1587 738 scilicet
1609 713 1756 754 opera,

272 769 456 818 fabulas,
478 770 611 827 lyrica
635 781 677 812 et
698 774 870 814 satirica
893 775 1101 822 carmina,
1135 775 1315 815 forsitan
1344 783 1384 814 et
1413 774 1686 815 narrationes
1709 791 1760 815 cx

271 846 444 888 traditis
462 847 514 887 dc
534 849 728 905 equitum
754 851 992 906 praeclaris
1011 852 1280 892 facinoribus
1303 852 1578 908 desumptas;
1599 852 1641 892 in
1665 853 1758 908 ejus

271 923 461 980 denique
496 923 622 968 libris
656 934 807 967 notare
838 936 903 968 est
935 928 1153 984 quidquid
1181 927 1531 984 deprehenditur
1559 928 1602 968 in
1635 944 1758 968 men-

269 1001 387 1040 tibus
429 1000 545 1041 illius
593 1003 745 1043 aetatis
793 1003 1037 1055 hominum,
1076 1006 1403 1061 juvenescentis
1444 1004 1638 1062 quidem,
1682 1004 1758 1045 sed

272 1077 468 1117 ubertate
501 1078 668 1136 ingenii
705 1081 918 1130 carentis;
956 1082 991 1121 si
1020 1081 1105 1122 alio
1138 1090 1326 1138 spectes,
1362 1082 1650 1133 senescentis,
1683 1082 1758 1122 sed

272 1154 536 1195 maturitatis
566 1154 781 1196 fructibus
811 1158 1020 1214 expertis.
1057 1184 1114 1189 ——
1142 1158 1419 1216 Religionem
1456 1159 1583 1199 etiam
1613 1158 1760 1215 attigit

272 1231 529 1280 Renovatio,
555 1247 697 1288 neque
721 1249 801 1274 nos
827 1235 1054 1291 praeterit,
1084 1235 1268 1276 docente
1294 1235 1490 1292 Mappio,
1517 1236 1642 1292 origo
1665 1235 1757 1276 dis-

272 1307 472 1348 criminis
501 1324 587 1364 quo
616 1308 829 1351 laboravit
859 1311 1058 1352 Ecclesia
1089 1312 1328 1362 catholica3
1361 1328 1446 1352 non
1475 1321 1759 1368 praetercunt

234 1421 245 1427 ,
272 1393 425 1424 conata
462 1385 622 1441 quibus
659 1395 844 1443 utraque
876 1404 977 1444 pars
1015 1389 1173 1429 malum
1217 1388 1439 1445 depellere
1473 1389 1671 1429 tentavit.
1701 1415 1759 1420 —

272 1461 479 1501 Politicas
514 1461 706 1518 denique
729 1464 843 1504 circa
873 1480 942 1505 res
964 1474 1162 1506 versatur
1182 1466 1424 1506 Renovatio
1451 1482 1458 1505 :
1486 1481 1618 1521 porro
1647 1466 1758 1506 Hen-

271 1536 350 1576 rici
374 1538 557 1578 secundi
585 1539 784 1580 laborum
806 1541 1048 1584 Vi'alterius
1072 1541 1153 1582 suit
1180 1543 1420 1599 particeps.

330 1614 442 1673 Regi
464 1614 507 1654 in
530 1615 697 1671 duplici
719 1626 869 1659 contra
893 1635 1098 1675 proceres
1128 1628 1170 1660 et
1192 1627 1344 1659 contra
1367 1618 1552 1660 clericos
1575 1628 1759 1661 eonten-

269 1690 389 1731 tione
419 1693 641 1747 praestitit
677 1694 903 1746 auxilium,
942 1696 1029 1736 sale
1061 1696 1196 1736 multo
1226 1695 1486 1752 perfricans,
1512 1711 1626 1736 nunc
1654 1711 1757 1753 pro-

269 1775 412 1808 tervos
453 1777 495 1809 et
536 1769 667 1811 rudes
707 1771 865 1812 artium
901 1773 1153 1829 optimates,
1197 1788 1312 1813 nunc
1345 1772 1523 1830 gulosos
1557 1789 1757 1830 rapaces-

269 1860 353 1900 que
376 1847 630 1898 monaehos,
648 1864 764 1888 nunc
781 1849 1002 1891 Romanos
1019 1850 1284 1900 cardinales,
1301 1850 1496 1907 propriis
1513 1850 1755 1891 commodis

269 1922 406 1980 magis
430 1939 558 1979 quam
581 1925 673 1980 juri
699 1934 740 1966 et
770 1927 968 1982 justitiae
1003 1927 1220 1968 addictos.
1251 1928 1347 1968 Non
1389 1927 1523 1968 semel
1552 1928 1682 1968 etiam
1714 1927 1757 1968 in

268 1998 412 2054 ipsum
443 2001 606 2057 Papam
635 2001 834 2043 invectus
862 2013 943 2045 est.
976 2005 1214 2045 Henricum
1244 2004 1410 2060 adjuvit
1438 2004 1481 2044 in
1505 2003 1758 2045 definiendo

272 2091 381 2117 novo
424 2093 567 2118 rerum
605 2081 882 2136 publicarum
920 2083 1152 2141 regimine,
1187 2090 1229 2122 et
1260 2082 1376 2122 inter
1409 2083 1615 2138 optimos,
1650 2097 1760 2138 quos

270 2152 342 2193 ille
372 2153 640 2207 adhibuerit,
666 2158 867 2214 judices:
900 2159 1015 2200 inter
1047 2160 1258 2200 maximae
1288 2159 1562 2199 auctoritatis
1591 2158 1759 2218 legatos

271 2241 582 2273 annumeratus
630 2243 711 2276 est.
759 2237 940 2277 Summo
976 2237 1105 2277 unius
1143 2236 1330 2293 imperio
1368 2236 1568 2292 impensa
1607 2235 1759 2276 volun-

269 2314 356 2347 tate
380 2310 590 2359 serviens,
622 2313 808 2353 eminuit
836 2314 951 2355 inter
978 2314 1162 2354 maxime
1190 2313 1453 2370 conspicuos
1481 2313 1598 2354 viros
1626 2312 1761 2353 medii

268 2383 384 2424 illius
421 2387 596 2442 generis
630 2389 674 2429 in
705 2406 789 2447 quo
826 2392 1077 2432 Normanna
1105 2406 1301 2448 propago
1336 2399 1378 2430 et
1409 2389 1622 2431 Saxonica
1650 2405 1758 2429 non-

268 2460 369 2501 dum
399 2461 441 2502 in
471 2479 601 2504 unam
635 2476 813 2523 gentem
850 2468 1056 2509 confusae
1086 2476 1226 2509 erant.
1264 2467 1478 2517 Moribus,
1514 2465 1568 2506 iis
1600 2466 1758 2522 quibus

267 2537 310 2577 iu
346 2538 505 2580 litteris
541 2542 704 2595 studet,
736 2544 915 2586 dotibus
948 2545 1132 2604 ingenii,
1163 2546 1459 2594 Normannus,
1496 2543 1563 2584 vel
1591 2543 1754 2600 potius,

266 2623 416 2656 nostro
440 2617 628 2673 judicio,
662 2621 816 2663 Gallus
849 2639 944 2663 esse
980 2623 1176 2673 videtum
1214 2629 1395 2678 repente
1424 2628 1584 2670 autem,
1610 2620 1758 2660 nescio

266 2707 351 2748 quo
385 2703 529 2749 paeto,
567 2711 676 2738 nova
712 2700 965 2756 progenies,
1004 2700 1074 2741 cui
1110 2699 1242 2758 longe
1282 2698 1367 2739 alia
1403 2706 1559 2738 natura
1591 2703 1673 2747 est,
1713 2709 1757 2734 se

267 2768 448 2826 detegit.

326 2847 551 2904 Mappium
584 2851 718 2907 igitur
748 2852 1048 2911 depingendo,
1075 2862 1264 2895 mentem
1293 2854 1386 2910 ejus
1416 2860 1458 2893 et
1482 2866 1614 2908 opera
1637 2864 1753 2890 scru—
