1873 3329
367 262 666 288 FABULOSARUM
705 263 1008 289 NAnnA'rloxrlu
1045 262 1274 287 scuw'rouifi
1518 256 1570 284 1ἰ3

85 354 227 395 nocte,
254 347 363 387 lianc
387 348 736 405 expergefactam
761 349 821 388 sie
852 347 1093 404 alloquitur
1119 362 1126 387 :
1156 368 1171 383 υ
1203 347 1438 387 Cau-issima
1464 346 1568 386 mihi

85 423 220 464 electa
260 432 302 465 ct
345 440 477 480 super
518 425 705 465 animani
740 441 878 465 ineam
921 424 1098 471 dilecta,
1138 432 1277 479 potes,
1313 424 1346 463 si
1380 423 1570 479 placeret

84 501 235 547 menti,
267 500 439 557 placari¹
469 510 657 542 mentem
691 501 1051 541 sollicitissimam
1085 516 1221 540 meam
1252 508 1293 540 ct
1321 508 1453 540 totam
1486 500 1570 539 tuis

84 576 393 618 inflammatam
410 578 651 622 amoribus,
672 586 713 617 ut
733 593 884 617 secure
903 576 1030 617 simul
1046 576 1312 616 omnimodis
1329 576 1382 616 dc
1399 585 1570 616 caetero

83 654 377 703 convivamus,
410 654 578 695 scilicet
611 663 656 695 ut
691 654 946 694 redeuntem
991 669 1076 693 non
1113 652 1316 693 admittas
1346 653 1566 699 Ollonem,

81 730 157 772 sed
185 732 309 788 quasi
332 747 426 771 cuin
451 730 739 771 admiratione
766 731 961 770 omnium
984 746 1081 770 eum
1105 729 1348 778 diffitearis,
1376 738 1414 769 et
1440 730 1570 769 devo-

79 824 196 853 veas,
228 817 270 849 et
297 808 488 865 abneges
517 817 558 848 te
593 824 719 848 nosse
749 808 970 848 hominem
992 809 1016 846 ¹.
1046 826 1065 845 »
1098 807 1379 848 Assenticnte
1415 807 1566 854 amica,

80 885 208 926 ambo
238 885 421 926 famulos
445 893 733 941 praemonent
761 885 835 941 qui
859 885 1139 941 promittunt,
1166 884 1240 924 ubi
1257 884 1444 941 primum
1469 884 1568 925 Ollo

81 962 196 1002 sores
220 961 475 1019 pulsaverit,
508 978 553 1002 se
584 961 644 1002 illi
675 962 808 1002 semel
832 970 874 1002 et
908 962 1065 1002 iterum
1098 977 1392 1018 responsuros
1420 978 1567 1002 verum

81 1039 285 1080 Ollonem
313 1038 432 1079 domi
460 1039 642 1086 versari,
674 1039 816 1094 ipsum
848 1047 989 1079 autem
1019 1054 1114 1079 esse
1142 1038 1372 1079 latronem.
1410 1040 1495 1079 Res
1525 1048 1570 1079 ut

79 1124 341 1157 convenerat
362 1131 408 1156 se
431 1116 696 1157 habuerunt.
724 1116 896 1156 Etenim
923 1115 1128 1156 (lominus
1150 1115 1327 1156 rediens
1354 1132 1361 1155 :
1395 1133 1415 1154 «
1440 1117 1568 1156 Nico-

79 1192 210 1241 laum,
245 1208 375 1249 quem
411 1193 648 1248 janitorem
690 1208 814 1233 suum
856 1192 1034 1240 fecerat,
1075 1207 1126 1233 ex
1162 1192 1341 1232 nomine
1379 1193 1567 1248 superbe

77 1278 215 1310 vocat.
244 1268 381 1310 Adest
404 1269 493 1320 ille,
514 1269 736 1326 similique
753 1278 924 1310 tumore
941 1269 1183 1326 respondet
1210 1286 1216 1309 :
1240 1286 1260 1307 «
1285 1270 1347 1309 Tu
1372 1270 1469 1325 quis
1493 1272 1566 1310 esl'

79 1345 197 1399 Quid
225 1346 363 1387 suris?
387 1348 482 1399 Quo
505 1346 685 1406 agitaris
708 1346 951 1387 daemone?
970 1345 1192 1403 Numquid
1215 1346 1433 1387 lunaticus
1456 1350 1563 1392 est'2.

82 1432 153 1464 aut
180 1422 382 1464 similiter
410 1422 592 1464 amens?
620 1424 765 1472 Certe,
791 1424 826 1463 si
854 1422 1036 1479 desipis,
1068 1438 1222 1479 sapere
1252 1431 1293 1464 te
1318 1425 1406 1479 jam
1437 1423 1567 1464 sacie-

78 1515 189 1540 mus.
223 1500 270 1541 Si
303 1516 388 1541 non
419 1501 652 1557 quieveris,
689 1500 916 1557 quiescere
946 1509 988 1540 te
1024 1500 1159 1541 fustes
1189 1499 1365 1541 sacient.
1402 1519 1420 1538 »
1457 1501 1563 1541 Tum

77 1577 213 1618 iratus
251 1576 349 1618 Ollo
388 1577 496 1618 male
538 1578 709 1634 precari
756 1577 961 1625 Nicolao,
1003 1577 1144 1618 furere
1187 1585 1230 1618 et
1269 1577 1509 1618 exclamare
1555 1595 1561 1617 :

77 1672 97 1692 «
132 1655 265 1695 Serve
288 1669 491 1711 nequam,
516 1654 731 1711 numquid
757 1670 843 1695 non
874 1670 954 1711 ego
991 1670 1085 1694 sunl
1118 1653 1234 1703 Ollo,
1261 1654 1336 1710 qui
1365 1663 1406 1695 te
1436 1670 1565 1695 cons-

77 1731 175 1772 titui
198 1731 423 1772 custodem
438 1732 574 1772 curtis
593 1732 722 1788 hujus
739 1732 789 1771 Ῥ»
807 1757 864 1762 -
884 1731 1114 1772 Nicolaus:
1143 1749 1163 1770 «
1184 1732 1379 1772 Pessime
1394 1747 1559 1781 scurra,

77 1817 195 1849 certe
217 1807 317 1850 Ollo
339 1809 409 1849 hie
433 1809 549 1849 intus
578 1817 660 1858 est,
680 1817 721 1849 et
740 1824 837 1849 cum
860 1808 1037 1848 domina
1060 1809 1104 1848 in
1126 1808 1240 1849 lecto
1274 1807 1513 1849 decumbit.
1542 1826 1562 1847 »

76 1910 132 1916 —
167 1885 266 1926 Ollo
291 1901 299 1925 :
327 1902 348 1924 «
379 1886 488 1927 Cum
523 1901 605 1942 qua
636 1885 829 1935 domina,
863 1900 955 1926 mea
986 1884 1189 1926 Biblide‘?
1212 1902 1232 1924 ))
1267 1886 1376 1926 Tum
1401 1886 1565 1941 janitor

75 1961 294 2003 Biblidem
325 1977 535 2018 suamque
571 1978 750 2003 uxorem
786 1962 1057 2003 Christinam
1094 1970 1219 2002 vocat
1252 1962 1296 2002 in
1334 1961 1561 2011 auxilium,

75 2047 118 2079 et
158 2054 242 2080 una
280 2054 385 2080 voce
426 2054 578 2079 omnes
619 2039 844 2079 enituntur
881 2039 1089 2079 miserum
1121 2039 1381 2080 convincere
1420 2039 1563 2095 ipsum

75 2115 284 2157 insanire.
312 2116 400 2173 Spe
423 2116 558 2173 igitur
579 2116 817 2157 destitutus
834 2115 1069 2172 compellat
1089 2116 1273 2165 vicinos,
1293 2116 1368 2172 qui
1390 2116 1564 2172 probris

75 2208 172 2233 eum
219 2192 463 2242 lacessunt;
503 2192 663 2234 deinde
702 2209 723 2234 a
755 2192 981 2250 judicibus
1018 2192 1287 2249 praesidium
1324 2193 1451 2249 petit,
1489 2193 1564 2249 qui

74 2269 305 2310 dimissum
322 2268 524 2310 irrident.
545 2269 740 2310 Tandem
764 2269 852 2318 ille,
873 2270 926 2310 ab
940 2269 1145 2310 omnibus
1161 2269 1354 2310 ludibrio
1368 2269 1560 2313 habitus.

73 2362 94 2386 a
127 2345 320 2403 propriis
361 2346 496 2387 servis
537 2346 762 2403 expulsus,
793 2347 846 2387 ab
886 2346 1037 2387 amicis
1074 2345 1238 2387 nullam
1279 2362 1367 2387 non
1410 2362 1564 2402 passus

73 2422 401 2473 contumeliam,
427 2438 506 2464 nec
527 2425 617 2480 jam
641 2424 784 2464 sciens
807 2439 892 2480 quo
915 2439 960 2464 se
980 2431 1134 2475 vertat,
1157 2424 1312 2464 Ticino
1334 2423 1558 2464 discedit³.

73 2501 196 2541 Nunc
234 2500 363 2540 finem
406 2500 507 2541 facit
546 2500 783 2544 &Valterius
825 2500 996 2558 lepidae
1036 2501 1294 2552 narrationi,
1330 2509 1560 2558 postquam

73 2576 207 2618 alacri
227 2577 407 2635 ingenio
430 2592 498 2617 res
521 2585 562 2618 et
590 2593 802 2634 personas
825 2577 1039 2634 depinxit.

114 2721 143 2752 1.
167 2723 215 2752 De
233 2721 350 2763 Nugis,
369 2732 403 2762 p.
426 2721 497 2751 192.

115 2770 144 2799 2.
170 2769 226 2799 Sic
246 2769 280 2800 in
305 2768 442 2809 Wright
458 2767 619 2799 editione.

113 2818 143 2847 3.
163 2819 208 2847 De
229 2816 347 2858 NugiS,
369 2826 403 2856 p.
429 2815 498 2847 194.
