1873 3329
391 260 690 285 FAnt·1„osAiit·M
727 260 1030 286 NAHHATIOXUM
1067 260 1298 285 SCUUPTORH
1530 251 1581 279 ls'l

97 354 262 403 aperta,
299 346 520 385 communi
549 346 714 402 quippe
754 345 959 386 idiomate
995 345 1185 401 prolata:
1221 344 1290 384 illa
1326 360 1446 389 vero,
1487 342 1586 398 quia

99 422 247 465 latina,
275 421 556 478 paucioribus
587 422 820 466 evidentia,
855 438 932 462 nos
962 421 1013 461 ‹l‹=
1044 421 1172 461 (lictis
1206 421 1366 460 nostris
1404 420 1588 459 l'ructum

101 498 289 555 aliquem
334 499 669 554 relmrtavimus,
711 515 784 538 vos
822 507 963 538 autem
1007 497 1059 536 (le
1102 497 1279 553 seriptis
1316 495 1524 554 egregiis,
1572 512 1590 533 a

104 575 378 632 principibus
407 575 609 615 litteratis.
641 575 845 615 nimirum
871 583 909 613 et
939 574 1069 631 louge
1099 573 1308 613 absoletis
1339 582 1379 612 et
1409 572 1460 611 ab
1489 571 1594 611 (ιι-111·

104 651 288 692 sublatis
309 651 497 709 aliquam
519 652 694 692 minime
714 652 1050 692 retributionem
1070 650 1280 706 consequi
1301 648 1507 705 potuistis
1527 650 1550 686 ¹.
1575 666 1594 685 »

107 729 222 781 Quid
259 730 338 768 hoc
375 729 456 769 sibi
487 728 592 771 vult.
627 729 707 768 nisi
752 728 867 785 quod
905 727 1109 784 Mappius
1145 726 1318 767 laudem
1354 741 1482 765 unam
1514 724 1598 763 sibi

107 805 371 850 vindicabat,
416 805 646 861 scripsisse
687 805 853 862 aliquas
902 805 1055 845 breves
1104 803 1299 853 facetias,
1344 818 1453 858 quae
1502 809 1595 857 post

110 884 239 924 breve
269 892 442 938 tempus
465 898 542 939 per
570 898 643 922 ora
673 883 898 922 hominum
931 890 972 921 et
1003 897 1154 921 manus
1177 880 1370 937 perlatae
1398 881 1567 919 fuerant
1585 878 1601 916 ζ’

112 960 223 1002 Illud
256 967 455 1000 asserunt
484 959 652 1016 Mappii
687 958 957 999 detractores
985 973 991 998 :
1027 966 1067 998 at
1103 956 1355 1014 hujusmodi
1385 956 1603 1011 interpre-

112 1037 219 1077 tatio
242 1051 392 1093 parum
418 1035 523 1076 mihi
544 1051 788 1094 congruere
812 1035 982 1075 videtur
1005 1051 1101 1075 cum
1123 1034 1314 1075 secunda
1339 1041 1461 1090 parte
1484 1032 1606 1072 citati

115 1114 215 1155 loci.
237 1113 409 1154 Etenim
434 1112 532 1153 illae
548 1113 804 1169 gravitatem
831 1112 1036 1152 materiae
1060 1111 1210 1173 tle-qua
1236 1110 1444 1151 Giraldus
1467 1109 1607 1149 disse-

117 1191 220 1240 ruit,
259 1205 490 1237 summam,
523 1205 606 1246 qua
639 1205 742 1230 usus
772 1197 853 1239 est,
880 1189 1039 1229 latinae
1068 1188 1244 1245 linguae
1273 1187 1475 1244 peritiam
1512 1201 1606 1226 cum

117 1269 202 1310 levi
226 1266 508 1324 propriorum
537 1282 717 1323 operum
744 1266 938 1322 pondere
958 1274 998 1306 et
1021 1281 1099 1306 usu
1119 1283 1138 1304 «
1163 1264 1408 1305 eommunis
1432 1263 1611 1304 idioma-

120 1345 176 1386 tis
201 1363 220 1383 »
249 1343 435 1385 confert.
463 1344 601 1383 Porro
626 1359 712 1384 non
738 1342 905 1399 Mappii
928 1350 1165 1399 supersunt
1187 1341 1272 1382 nisi
1295 1341 1428 1381 latina
1454 1355 1609 1396 opera;

125 1420 293 1462 fabulas
329 1420 464 1478 igitur
490 1419 724 1461 vernaculo
755 1435 954 1460 sermone
985 1420 1239 1475 scripserat,
1272 1418 1389 1475 quod
1425 1418 1613 1474 probare

124 1497 367 1539 studemus.
397 1498 469 1538 Sic
487 1505 793 1554 argumentum
817 1512 838 1536 e
862 1496 1033 1537 Giraldi
1055 1496 1198 1536 verbis
1222 1496 1428 1553 petimus,
1454 1494 1613 1535 nedum

125 1592 173 1616 ea
206 1574 332 1615 nobis
367 1574 540 1630 possint
568 1574 742 1630 objici?
774 1573 1137 1614 Adversariorum
1170 1581 1313 1614 autem
1344 1573 1453 1612 ratio
1482 1571 1617 1612 altera

126 1666 403 1709 nequaquam
438 1651 583 1707 potior
616 1652 719 1700 est³‚
758 1666 854 1691 cum
894 1651 939 1690 in
977 1666 1027 1689 eo
1062 1650 1274 1690 consistat
1315 1648 1433 1706 quod
1474 1656 1619 1689 tantae

127 1728 318 1770 ubertati
358 1727 525 1785 ingenii
565 1728 710 1768 obstet
752 1727 901 1768 multis
943 1727 1059 1767 curis
1097 1727 1295 1767 districta
1343 1726 1445 1775 vita,
1491 1740 1622 1782 quam

130 1805 287 1863 agebat
308 1804 564 1847 walterius.
591 1804 767 1845 Nullum
793 1813 934 1844 autem
959 1819 1142 1860 usquam
1165 1803 1478 1844 documentum
1501 1802 1623 1842 inve-

132 1882 276 1923 nimus
299 1880 415 1921 unde
438 1880 704 1922 concludere
727 1881 856 1922 liceat
878 1880 1000 1921 illum
1023 1880 1281 1921 muneribus
1302 1880 1625 1935 itineribusque

133 1958 350 2016 susceptis
373 1957 480 1999 adeo
501 1958 634 1998 fuisse
656 1957 917 2015 impeditum
934 1965 981 1998 ut
995 1973 1060 2008 ea,
1080 1957 1132 1998 de
1152 1957 1314 2014 quibus
1328 1957 1526 2014 quaestio
1543 1964 1624 2005 est,

137 2035 330 2077 scribere
363 2035 626 2092 nequiverit.
660 2035 798 2075 Immo
840 2035 967 2074 nobis
1005 2042 1280 2091 compertum
1322 2043 1388 2074 est
1426 2032 1631 2073 mandata

137 2112 351 2156 XValterio
374 2111 515 2152 delata
535 2112 579 2152 in
606 2112 735 2152 breve
759 2110 1036 2152 solummodo
1056 2119 1247 2167 tempus,
1272 2119 1313 2151 et
1339 2126 1518 2151 munera
1542 2109 1631 2166 ple-

141 2205 325 2246 rumque
364 2188 606 2229 honorifica
643 2188 792 2229 suisse.
832 2188 1038 2229 Ceterum
1080 2187 1145 2228 illi
1181 2187 1350 2228 fabulas
1391 2203 1544 2227 omnes
1581 2187 1632 2227 de

148 2266 316 2307 Tabula
331 2267 538 2307 Rotunda
561 2265 700 2306 dictas
715 2265 976 2306 tribuendas
997 2281 1094 2306 esse
1117 2264 1297 2305 minime
1315 2280 1632 2311 asseveramus,

145 2352 187 2385 ct
207 2343 302 2384 loca
324 2358 450 2400 quae,
485 2350 637 2383 nostro
661 2342 847 2398 judicio,
879 2341 997 2382 illius
1026 2350 1144 2392 sunt,
1176 2341 1287 2382 nihil
1316 2341 1501 2398 impedit
1527 2341 1634 2398 quin

147 2420 258 2478 regii
280 2419 485 2468 ministri,
519 2419 709 2477 negotiis
732 2419 1038 2468 intentissimi,
1065 2434 1176 2475 opus
1200 2417 1379 2459 fuerint.

210 2495 298 2539 Sed
326 2504 575 2538 amoveatur
612 2495 831 2555 generalis
864 2495 938 2536 illa
972 2495 1272 2537 controversia
1302 2504 1348 2536 ut
1382 2494 1640 2553 diligentius

150 2573 436 2631 inspiciamus
471 2589 680 2630 quasnam
718 2582 863 2629 partes
900 2572 1151 2629 impleverit
1179 2572 1384 2629 Mappius
1418 2571 1460 2611 in
1500 2570 1639 2612 confi-

193 2681 222 2711 1.
242 2680 375 2720 Expug.
398 2678 539 2709 Hibern.
559 2678 689 2718 Opera,
714 2678 754 2715 V,
775 2689 808 2718 p.
831 2679 904 2709 [110.

195 2728 223 2756 2.
243 2727 337 2757 Nutt.
356 2725 505 2766 Legcntls
528 2725 633 2766 ostiae
655 2725 740 2765 Holy
764 2725 883 2762 Graul,
907 2736 941 2765 p.
969 2725 1039 2755 117.

195 2776 223 2804 3.
246 2774 315 2803 Vox
335 2773 461 2803 dictum
480 2782 545 2801 non
568 2783 634 2802 uno
659 2776 793 2802 tantum
819 2772 920 2802 modo
951 2777 1066 2812 potest
1094 2772 1256 2812 intelligi.
1284 2772 1338 2801 Sic
1370 2771 1530 2811 superius
1560 2781 1651 2801 men-

156 2821 284 2852 tionem
308 2820 450 2852 fecimus
473 2820 513 2849 ‹le
537 2834 547 2843 -ι
574 2819 668 2849 Dicto
687 2820 853 2860 pauperis
880 2819 1006 2859 equitis
1027 2834 1052 2849 υ».

1423 2886 1458 2917 11
