1873 3329
384 302 620 326 1³,xnvLos1xn
631 302 685 326 {tu
725 303 1023 328 NAnuATioxl‘M
1058 302 1257 326 SCUU’TOU
1269 302 1287 325 1³.
1530 297 1585 326 131

107 386 351 433 Gallorum,
373 387 487 442 apud
508 374 835 443 quo⁸=3bacr0505
859 396 899 427 vt
925 362 1237 460 inonfcboruin
1258 395 1406 426 vnctus
1432 387 1590 426 incres-

106 463 284 506 cebant:
336 462 466 503 vvluii
506 447 730 510 Italorum,
771 465 809 503 in
848 479 1034 521 quorum
1079 464 1211 502 ubere
1260 463 1428 518 pictura
1476 465 1593 503 nasci

107 539 361 595 incipiebat.
393 541 443 579 I't
476 540 532 580 ait
564 540 724 581 latinus
755 549 879 596 pocta
914 558 919 579 z

297 646 443 678 l’rinius
469 647 501 678 in
521 646 612 678 orbo
636 646 735 677 Deos
759 647 843 678 fecit
867 646 991 683 timor,
1014 647 1129 678 ardua
1153 645 1258 677 (¹0le

300 702 463 734 Fulmina
481 714 560 734 cuin
584 703 772 735 cmlvi-ent.

169 803 363 848 Scilicet.
420 804 533 844 circa
581 803 758 844 castella
814 804 941 859 liujus
996 804 1207 861 regi011i5‚
1259 803 1300 842 in
1355 803 1598 859 caliginoso

110 880 301 920 nubibus
324 880 462 927 coelo,
491 881 638 921 nescio
668 897 778 937 quae
808 881 977 937 species
1007 880 1399 927 adumbrabantur,
1426 881 1467 920 in
1500 896 1598 937 spa-

109 956 233 997 tiosis
263 956 445 997 aedibus
471 973 640 998 camera
661 957 876 997 contectis
905 957 1021 997 venti
1050 956 1318 997 horrendum
1350 956 1599 1012 dcproelia-

110 1034 295 1083 bantur3
331 1034 596 1090 vespertinis
641 1034 782 1083 horis,
822 1042 919 1074 autc
965 1033 1106 1074 focum
1150 1034 1371 1090 ingentem
1417 1034 1597 1090 (quippe

110 1126 263 1151 recens
301 1119 394 1150 erat
433 1110 549 1167 apud
587 1110 754 1169 Anglos
792 1111 1063 1151 caminorum
1108 1111 1241 1162 usus),
1280 1126 1357 1166 per
1394 1111 1599 1167 ambages

111 1187 267 1228 inultas
291 1203 446 1228 arcana
472 1187 685 1244 quaedam
709 1204 729 1228 a
747 1187 946 1244 patribus
968 1187 1126 1228 tradita
1152 1188 1460 1228 narrabantur.
1482 1187 1599 1227 Nihil

112 1281 198 1305 non
229 1264 440 1305 divinitus
463 1273 624 1314 ortum,
651 1264 760 1305 nihil
785 1264 994 1305 miraculo
1019 1265 1181 1304 invium
1207 1280 1300 1304 esse
1324 1264 1596 1320 judicabant.

171 1341 342 1383 Etenim
362 1358 441 1398 pro
459 1351 578 1383 certo
602 1342 825 1382 habebant
848 1341 1133 1382 Guillclmum
1153 1341 1339 1399 Angliac
1360 1341 1598 1381 secundum

112 1434 277 1477 regem,
305 1418 449 1475 pridie
469 1420 562 1475 ejus
579 1418 666 1459 diei
690 1435 776 1476 quo
801 1418 1059 1459 interfectus
1083 1426 1164 1467 est,
1185 1418 1408 1458 mirabiles
1431 1418 1600 1474 specics

112 1496 384 1536 somniorum
416 1495 594 1545 vidisse,
620 1511 805 1553 quorum
836 1496 988 1536 habuit
1018 1496 1307 1552 interpretem
1338 1495 1616 1536 monachum.

113 1572 362 1629 quemdam,
406 1573 462 1613 ita
506 1582 550 1613 ut
590 1572 806 1630 quidquid
848 1572 1008 1613 accidit
1046 1573 1089 1612 in
1126 1581 1282 1620 morte,
1321 1572 1363 1612 in
1405 1571 1600 1612 minimis

114 1666 258 1690 rerum
299 1649 519 1705 adjunctis
557 1650 690 1690 fucrit
741 1650 1148 1706 praenuntiatum¹3
1188 1665 1268 1706 pro
1309 1658 1430 1689 certo
1471 1649 1601 1689 etiam

113 1726 257 1768 Foliot
314 1742 401 1767 non
454 1727 650 1783 potuisse
699 1726 877 1767 liberari
931 1742 951 1766 a
1002 1734 1218 1767 nocturno
1267 1726 1358 1766 visu
1411 1726 1602 1766 hominis

113 1804 303 1845 aeternis
327 1803 557 1860 suppliciis
580 1804 778 1854 cruciati,
797 1804 883 1843 nisi
900 1803 1099 1859 jubendo
1119 1819 1278 1859 corpus
1297 1805 1389 1858 ejus
1413 1820 1432 1843 a
1457 1803 1604 1859 sepul-

113 1880 219 1921 chro
248 1881 341 1921 crui
371 1889 413 1921 et
439 1890 570 1938 caput
592 1881 808 1937 amputari
826 1880 861 1928 “'3
887 1896 966 1936 pro
989 1889 1109 1920 certo
1139 1880 1329 1936 denique
1362 1881 1602 1937 Rogerium

113 1957 386 2014 episcopum,
424 1957 597 1998 comitis
634 1956 979 1999 Glocestriensis
1014 1956 1168 2007 filium,
1204 1972 1291 1997 non
1323 1957 1448 1997 aliam
1482 1957 1605 1998 inve-

114 2034 232 2075 nisse
271 2035 382 2075 viam
424 2034 631 2076 defuncto
677 2033 850 2075 cuidam
886 2043 1039 2075 noctes
1077 2034 1260 2090 diesque
1295 2034 1453 2075 misere
1489 2050 1603 2074 erra-

115 2111 281 2162 bundo,
318 2128 471 2169 pacem
506 2120 549 2152 et
588 2112 780 2169 quietem
820 2111 1053 2159 reddendi,
1098 2127 1227 2168 quam
1263 2126 1391 2152 cruce
1432 2111 1604 2167 lapidea

115 2189 158 2230 in
183 2189 299 2230 illius
328 2188 497 2230 tumulo
523 2189 751 2245 imposita;
777 2197 866 2229 tum
896 2204 999 2229 vero
1024 2189 1222 2229 umbram
1252 2189 1332 2229 sub
1354 2188 1606 2245 pavimento

118 2266 373 2307 recubuisse
408 2266 676 2322 sommisquc
712 2266 934 2323 recepisse
969 2265 1270 2306 intermissum
1288 2266 1315 2305 ³.
1350 2266 1397 2306 Si
1431 2264 1608 2322 quando

117 2342 284 2383 malunt
320 2342 536 2399 prolixius
575 2342 742 2399 aliquid
777 2342 971 2392 narrari,
1010 2343 1118 2383 haec
1158 2342 1211 2383 de
1246 2342 1318 2398 pio
1354 2342 1605 2391 Ilameric0,

117 2420 262 2477 equite
313 2420 701 2461 Northumbriensi
756 2419 1026 2460 reseruntur.
1077 2420 1184 2461 Cum
1238 2435 1371 2476 eques
1428 2418 1604 2475 quidam

116 2512 321 2554 vespere,
358 2496 471 2537 circa
514 2496 729 2537 decimam
771 2497 949 2547 horam,
987 2497 1030 2537 in
1072 2512 1146 2537 sua
1187 2495 1316 2537 domo
1357 2503 1606 2536 versaretur

117 2573 229 2629 (erat
261 2581 405 2614 autem
441 2575 615 2627 aestas),
640 2574 840 2614 umbram
873 2573 1011 2629 patris
1043 2572 1205 2613 multos
1241 2588 1379 2614 annos
1412 2571 1610 2613 defuncti

116 2650 225 2691 vidit
253 2658 352 2691 ante
376 2650 526 2691 oculos
556 2666 753 2710 surgere,
780 2666 908 2707 quac,
936 2650 1125 2691 lacerato
1151 2649 1295 2691 cilicio
1325 2649 1538 2698 involuta,
1566 2664 1613 2689 ea

161 2864 190 2894 3.
213 2862 315 2899 lbid.,
338 2873 415 2903 cap.
434 2863 484 2892 28.
