1873 3329
629 250 678 275 DE
713 250 767 275 w.
807 249 963 274 MArrio
1000 249 1131 275 POETA
1566 247 1623 275 1⁸¹.»

134 333 380 391 eodemque
411 342 608 391 tempore
639 335 769 375 fuisse
799 343 840 374 ct
869 334 965 374 illas
996 334 1048 374 ad
1078 334 1243 374 Christi
1272 335 1521 391 sepulcrum
1550 352 1623 376 cx-

136 410 402 468 peditiones,
439 412 594 452 mirum
630 411 729 451 lidei
762 410 952 451 fervidae
980 410 1308 461 documentum,
1343 420 1383 451 et
1422 411 1536 452 illam
1569 412 1623 453 ad

122 487 358 543 >puriorem
396 487 624 545 religionis
659 503 834 528 sensum
873 486 1222 536 inclinationem,
1258 488 1292 527 si
1327 487 1517 544 denique
1548 505 1623 529 au-

133 562 288 613 dieris,
325 564 560 605 volitantes
593 580 670 621 per
698 580 789 614 ora,
825 563 920 604 illas
943 563 1260 604 detestationcs
1290 563 1499 605 adversus
1527 582 1624 606 cor-

133 649 287 696 ruptos
322 641 571 682 sacerdotes
608 650 649 682 et
687 640 923 681 monachos
965 640 1241 696 depravatos,
1274 641 1316 680 in
1352 642 1511 697 quibus
1535 644 1622 697 jam

133 716 352 773 praelibes
384 717 551 775 aliquid
580 717 775 758 Biblicae.
804 717 866 757 vis
899 716 1132 767 oratoriae,
1161 732 1288 774 quam
1318 718 1516 759 exhibuit
1544 718 1622 759 xvi*

131 793 294 834 saeculi
325 793 595 836 Reformatio
621 811 629 835 :

395 896 487 929 Cum
511 902 729 941 perventum
753 895 867 928 fuerit
883 896 926 927 ad
950 906 1102 928 examen
1122 895 1214 933 veri,

389 952 484 985 Ante
507 951 681 985 thronum
705 951 889 985 stabimus
908 952 1047 996 judicis
1070 952 1205 991 severi,

391 1008 472 1041 Non
489 1008 561 1041 erit
583 1008 775 1041 distinctio
797 1007 881 1040 la'ici
904 1008 962 1040 vel
984 1007 1094 1050 cleri3

393 1064 503 1097 Nulla
525 1076 593 1098 nos
615 1064 785 1109 exceptio
807 1063 947 1109 poterit
966 1064 1076 1098 tueri.

392 1141 462 1174 Hic
484 1153 555 1175 non
577 1141 648 1175 erit
669 1141 812 1174 licitum
836 1141 1036 1187 quicquam
1059 1140 1237 1184 allegare,

389 1198 520 1243 Neque
537 1199 600 1243 jus
619 1198 790 1242 rejicere,
814 1209 933 1242 neque
956 1197 1152 1242 replicare,

284 1274 354 1332 C
390 1254 466 1287 Nec
489 1255 533 1287 ad
556 1254 802 1300 apostolicam
824 1255 952 1287 sedem
976 1254 1186 1299 appellare;

391 1328 493 1362 Reus
517 1337 601 1362 tunc
624 1328 876 1371 damnabitur,
894 1340 958 1361 nec
981 1329 1128 1362 dicetur
1149 1341 1279 1374 quare.

286 1379 741 1430 “—J'ffiffabitjudices
758 1385 873 1430 judex
895 1385 1095 1429 generalis,

390 1440 492 1474 Nihil
514 1441 565 1474 ibi
581 1441 753 1487 proderit
774 1441 938 1486 dignitas
960 1441 1118 1485 regalis;

393 1497 467 1530 Sed
495 1498 679 1532 foetorem
703 1498 839 1531 sentiet
860 1510 1002 1542 poenae
1024 1497 1256 1541 gehennalis,

393 1554 479 1587 Sive
503 1554 551 1588 sit
570 1555 786 1600 episcopus,
812 1555 890 1587 sive
913 1554 1151 1587 cardinalis¹.

134 1413 218 1486 ᾧ

190 1654 304 1696 Illud
345 1655 389 1696 in
431 1655 603 1696 saeculo
644 1662 722 1696 xn⁰
768 1671 871 1712 prae
919 1656 1076 1695 ceteris
1123 1655 1328 1707 delectat,
1372 1655 1490 1712 quod
1531 1658 1619 1712 jam

131 1732 318 1789 praebet
358 1732 481 1788 quasi
523 1740 755 1773 nascentes
798 1732 911 1772 vires
959 1731 1055 1772 illas
1091 1731 1267 1789 quibus,
1305 1732 1505 1774 ducentis
1551 1742 1624 1774 aut

129 1808 342 1850 trecentis
408 1817 507 1865 post
569 1809 711 1856 annis,
761 1817 1038 1866 posterorum
1106 1808 1240 1849 animi
1295 1809 1617 1850 concutientur.

131 1886 270 1942 Hujus
310 1885 522 1942 temporis
558 1886 638 1927 viri
670 1885 829 1926 mirum
860 1885 905 1926 in
935 1885 1112 1926 modum
1141 1885 1283 1926 futura
1315 1886 1619 1942 prospiciunt3

130 1962 424 2003 vaticinantur
469 1963 583 2003 enim
638 1962 788 2003 felices
841 1962 1159 2003 commotiones
1211 1963 1371 2019 quibus
1434 1963 1621 2004 humana

131 2046 285 2080 natura
314 2039 538 2080 robustior
571 2055 619 2080 ac
652 2038 882 2096 pulchrior
915 2039 1091 2089 evadet3
1129 2039 1183 2079 ad
1212 2039 1310 2090 hoc,
1343 2040 1385 2080 in
1414 2040 1623 2096 operibus

129 2115 237 2168 suis,
263 2115 416 2157 eadem
437 2124 582 2157 tamen
606 2115 756 2173 lingua
791 2114 986 2173 scriptis,
1014 2124 1056 2157 et
1084 2115 1259 2157 easdem
1287 2125 1413 2157 notas
1445 2133 1549 2173 prae
1578 2133 1622 2158 se

131 2190 393 2240 serentibus,
442 2195 525 2249 jam
578 2208 658 2233 nos
705 2208 885 2234 cernere
933 2192 1083 2234 sinunt
1130 2192 1367 2249 peculiaria
1412 2194 1621 2234 mentium

131 2269 256 2324 quasi
291 2268 629 2319 delineamenta‚
664 2285 850 2326 quorum
884 2269 1046 2310 virtute
1084 2269 1383 2310 Occidentalis
1419 2271 1621 2327 Europae

131 2345 284 2402 populi
331 2346 374 2386 in
416 2362 548 2387 novas
591 2346 955 2403 conglobationes
1003 2362 1097 2388 sese
1146 2346 1431 2388 distribuent.
1480 2348 1538 2388 Ut
1577 2348 1620 2388 in

130 2422 202 2464 W.
240 2422 406 2479 Mappii
442 2423 717 2479 poematibus
755 2423 982 2464 manifesta
1018 2423 1065 2463 Gt
1097 2423 1308 2480 quaedam
1347 2424 1399 2464 ad
1440 2440 1622 2464 renova-

130 2498 294 2539 tionem
339 2508 382 2540 et
420 2500 778 2541 reformationem
816 2500 1072 2557 propensio,
1116 2501 1173 2541 ita
1210 2501 1253 2541 in
1290 2501 1421 2557 hujus
1458 2500 1620 2558 anglici

130 2574 261 2615 simul
284 2584 326 2616 et
348 2577 582 2617 normanni
603 2586 757 2634 poetae
778 2578 979 2618 versibus
1002 2577 1220 2633 dispicere
1242 2577 1385 2634 possis
1410 2578 1619 2618 incertam

131 2650 513 2693 adumbrationem
534 2653 783 2712 linguarum
812 2654 1144 2695 vernacularum
1168 2669 1213 2694 se
1239 2654 1356 2711 ipsas
1386 2654 1621 2695 informan-

175 2796 202 2826 1.
226 2798 400 2836 Poemata,
426 2808 458 2836 p.
485 2799 535 2827 53.
555 2797 606 2827 Cf.
626 2807 661 2837 p.
683 2798 735 2836 42,
759 2798 809 2835 52,
834 2799 884 2827 551.
