1873 3329
405 360 455 384 DE
490 359 655 384 quixE
688 360 738 385 Ac
774 360 825 386 DB
859 360 1024 385 vlumus
1059 360 1355 387 com'rATloxis
1561 360 1619 389 1051

132 445 404 485 miseretur'.
455 463 471 482 υ
512 444 749 486 Ὰ’;111υ1·1115
794 453 955 491 tamen,
1000 460 1249 501 quanquam
1285 446 1483 488 sincerus
1529 459 1621 489 erat

129 537 231 579 erga
261 521 340 561 hos
377 521 536 578 quibus
577 530 649 562 aut
685 521 935 562 obedientia
968 530 1040 561 aut
1077 521 1267 562 amicitia
1297 533 1369 563 aut
1407 525 1620 567 beneficio

128 597 275 654 aliquo
302 597 523 654 obligatus
552 606 659 643 erat,
698 613 776 638 nec
805 598 1000 638 veritatis
1031 598 1328 655 integritatem
1361 601 1508 642 servili
1532 602 1619 643 ullo

127 674 340 731 obsequio
380 673 678 724 deminuebat,
724 690 809 714 non
842 674 895 714 ab
931 674 1219 716 admiratione
1252 678 1542 733 temperabat,
1584 680 1618 720 si

124 759 374 792 occurreret
419 759 492 791 aut
531 750 628 807 pius
676 758 717 791 et
763 751 986 791 beneficus
1026 767 1116 798 rex,
1158 760 1202 792 ut
1250 753 1494 794 Ludovicus
1545 755 1618 796 ille

125 828 355 884 septimus,
400 836 472 868 aut
519 828 658 868 bonus
706 843 752 867 ac
793 843 1037 886 generosus
1085 828 1228 878 miles,
1275 839 1320 870 ut
1366 830 1508 871 clarus
1545 832 1616 873 ille

127 921 147 943 «
172 920 318 945 comes
342 904 604 961 Campaniae
621 905 633 925 ²
652 922 690 946 ».
712 904 942 956 Quomodo
966 905 1080 945 enim
1100 905 1272 946 virtutis
1289 923 1388 947 vere
1410 908 1617 965 magister

126 981 365 1022 XValterius
388 988 539 1021 noster
563 996 649 1020 non
675 980 908 1031 exstiterit,
930 997 1024 1022 cum
1050 982 1256 1023 virtutem
1282 983 1375 1040 ipse
1398 993 1482 1024 tam
1504 985 1614 1026 bene

123 1057 323 1106 coluerit,
355 1072 538 1114 eamque
561 1057 691 1098 vitam
715 1056 888 1098 duxerit
912 1074 1020 1115 quae
1050 1058 1159 1099 tales
1187 1060 1420 1116 magistros
1443 1061 1610 1109 deceat,

122 1135 310 1191 primum
340 1150 558 1193 generoso
581 1133 736 1174 ardore
761 1134 970 1175 fervidam
1000 1134 1306 1192 libertatisque
1330 1137 1610 1179 defensorum

122 1220 361 1261 amanten13
392 1219 508 1268 post,
539 1211 787 1252 actionibus
823 1212 1150 1253 incumbentem
1183 1229 1230 1254 ae
1260 1214 1466 1272 gravibus
1492 1216 1613 1275 cogi-

120 1288 361 1329 tationibus
384 1288 712 1346 indulgentem3
738 1289 876 1346 magis
906 1297 1066 1339 autem,
1086 1305 1183 1330 cum
1207 1300 1410 1331 senectus
1427 1293 1610 1341 venerit,

122 1364 458 1406 meditationum
488 1365 530 1405 in
553 1365 730 1406 deserto
760 1366 1028 1407 monasterio
1051 1367 1303 1407 curiosam?

177 1442 272 1482 Non
301 1441 430 1483 nobis
465 1458 570 1499 ergo
601 1442 755 1482 mirum
787 1459 881 1483 esse
917 1442 1167 1493 videbatur,
1201 1444 1463 1487 walterium
1491 1446 1614 1503 Map-

123 1519 244 1576 pium
267 1519 320 1559 ab
349 1519 413 1560 ira
441 1527 513 1559 aut
547 1520 677 1560 satira
706 1535 794 1560 non
823 1520 1106 1561 abstinuisse.
1134 1521 1181 1562 Si
1209 1521 1307 1578 quis
1330 1522 1446 1562 enim
1469 1521 1612 1563 osticio

124 1611 201 1637 suo
232 1611 320 1636 non
349 1596 534 1637 honeste
563 1594 844 1655 fungebatur,
877 1597 1182 1638 concitabatur
1210 1607 1360 1639 contra
1395 1599 1532 1650 illum,
1572 1608 1613 1641 et

119 1674 208 1729 jam
233 1672 621 1714 animadvertimus
651 1689 747 1714 eum
777 1681 929 1714 contra
952 1673 1126 1730 judices
1155 1676 1278 1731 cujus
1306 1675 1472 1716 venalis
1501 1675 1610 1717 tides

121 1757 237 1790 esset
266 1749 538 1807 disputasse3
576 1749 878 1791 concitabatur
906 1759 948 1791 et
976 1751 1012 1791 si
1041 1751 1138 1807 quis
1167 1751 1446 1809 religionem,
1487 1755 1610 1809 cujus

121 1826 370 1884 insignibus
407 1827 662 1876 ornabatur,
696 1826 991 1868 dedecorabat
1023 1828 1177 1883 (avaris
1210 1829 1440 1870 monachis
1480 1846 1612 1870 vena-

118 1903 324 1960 libusque
362 1903 662 1944 cardinalibus
702 1903 921 1944 insensum
953 1920 1081 1960 saepe
1118 1921 1216 1945 eum
1249 1914 1399 1947 contra
1437 1906 1610 1947 stetisse

119 1979 342 2037 vidimus),
385 1988 427 2020 et
467 1980 503 2021 si
531 1981 646 2037 quis,
679 1981 760 2021 etsi
798 1995 844 2020 ea
874 1989 1018 2022 mente
1064 1989 1108 2021 ut
1148 1981 1383 2023 imminens
1427 1983 1609 2023 arbitrio

121 2056 298 2113 quidem
339 2072 418 2097 suo
455 2056 700 2114 periculum
745 2072 767 2097 a
808 2056 893 2097 fide
937 2067 1181 2108 amoveret,
1224 2059 1426 2099 homines
1467 2059 1609 2100 scien-

117 2133 223 2174 tiam
270 2149 431 2192 augere
485 2142 527 2174 et
573 2134 766 2174 animum
821 2133 918 2174 luce
971 2150 1078 2175 nova
1133 2134 1382 2176 illuminare
1435 2137 1610 2177 vetabat

119 2211 201 2266 (bis
241 2210 487 2251 notavimus
523 2226 619 2251 eum
654 2226 751 2251 cum
799 2219 949 2252 sancto
990 2211 1217 2252 Bernardo
1258 2228 1344 2252 non
1387 2212 1516 2253 aliam
1553 2214 1608 2253 ob

119 2303 292 2328 causam
328 2286 610 2341 conflixisse).
647 2288 789 2344 Saepe
824 2287 954 2328 etiam
990 2288 1136 2329 curiae
1170 2288 1275 2329 vitio
1307 2288 1453 2337 dabat,
1492 2289 1608 2346 quod

119 2364 347 2405 hominum
371 2363 525 2404 sordes
549 2380 595 2405 ac
616 2364 736 2415 vitia,
762 2380 858 2405 cum
882 2364 926 2405 in
950 2380 995 2405 se
1018 2365 1316 2414 contraheret,
1346 2374 1437 2406 tum
1461 2375 1608 2407 auctas

119 2440 374 2482 hominibus
420 2440 642 2481 redderet.
699 2442 824 2491 Cum,
874 2442 933 2482 ita
978 2442 1022 2482 in
1071 2442 1151 2482 hos
1203 2458 1355 2483 omnes
1405 2443 1604 2492 feriebat,

1356 2520 1473 2560 ‹ri-avi
1509 2535 1608 2560 sen-

1354 2554 1379 2579 o

120 2595 256 2636 tentia
292 2603 576 2652 praeceptum
610 2594 831 2651 quoddam
871 2595 1141 2636 includebat.
1175 2597 1281 2637 Nam
1317 2596 1416 2637 audi
1454 2613 1461 2636 :
1493 2614 1512 2634 «
1540 2596 1607 2637 Ad

119 2526 165 2558 ut
210 2517 433 2558 videretur
473 2516 660 2576 flagellis
702 2533 774 2558 eos
809 2517 1008 2568 caedere,
1046 2518 1306 2576 plerumque

117 2679 330 2722 nostram,
371 2671 531 2728 inquit,
571 2671 766 2712 omnium
807 2672 1147 2713 instructionem
1187 2672 1365 2729 expedit
1400 2682 1443 2713 ut
1479 2689 1608 2714 nemo

118 2747 278 2789 clausis
318 2747 456 2789 oculis
496 2747 563 2789 vel
604 2749 783 2789 auribus
826 2748 893 2790 vel
935 2748 1082 2806 aliquo
1121 2765 1326 2790 sensuum
1360 2748 1606 2790 inofficioso

158 2868 188 2899 1.
210 2870 256 2898 De
276 2868 393 2910 Nugis,
412 2878 449 2908 p.
467 2868 538 2904 227,
561 2868 632 2899 231.

159 2916 190 2948 2.
211 2915 312 2953 Ιὸ1”ιΙ.,
333 2927 367 2956 p.
392 2916 464 2947 216.
