1842 3288
245 281 305 312 160
739 285 790 310 DE
823 284 1047 311 WALTEmo
1082 284 1237 310 MAPPIO

246 381 414 429 partem
450 370 654 412 habuerit
688 370 761 411 ille
793 371 835 411 in
871 369 1159 412 conficiendis
1191 369 1317 410 libris
1355 371 1428 427 qui
1464 371 1527 412 De
1567 371 1735 412 Tabula

247 448 452 490 Rotunda
481 447 703 489 dicuntur.
736 449 798 488 Ex
821 463 870 488 eo
899 456 1017 488 certe
1048 447 1166 503 quod
1196 446 1351 505 dignas
1380 448 1526 504 equite
1550 448 1734 489 virtutes

249 540 527 581 summopere
551 523 710 575 eoluit;
736 524 853 582 quod
869 523 1047 583 longam
1071 524 1366 564 narrationem
1385 524 1591 566 brevibus
1614 524 1736 583 pagi-

249 601 317 641 nis
345 600 668 657 complectendi
697 617 741 642 se
777 601 998 658 praestitit
1027 601 1374 658 peritissimum,
1410 601 1527 658 quod
1557 601 1736 643 Celticis

251 676 408 718 sabulis
441 678 701 734 impressam
722 678 808 719 vim
840 679 1056 736 poeticam
1087 693 1255 719 summa
1279 686 1371 718 arte
1399 677 1444 718 in
1473 678 1613 719 lucem
1637 694 1738 736 pro-

250 754 373 806 tulit;
401 755 519 812 quod
547 755 738 812 denique
771 756 814 796 in
843 755 1068 796 historicis
1098 764 1139 796 et
1168 755 1380 796 sabulosis
1411 751 1738 796 narrationibus

251 831 303 872 ad
334 848 476 873 mores
503 832 676 889 saepius
705 832 875 885 alludit,
906 841 1025 889 patet
1046 832 1329 873 verisimilem
1353 847 1448 873 esse
1477 832 1738 873 sententiam

251 925 361 966 quae
383 909 511 950 nobis
527 910 738 967 proponit
752 909 976 967 Mappium
1002 918 1047 950 ut
1069 909 1327 967 participem
1351 909 1515 966 operis,
1535 908 1740 950 omnibus

251 986 359 1028 adeo
389 986 504 1044 grati
531 995 579 1027 ut
606 987 821 1028 Henricus
850 987 1070 1028 secundus
1101 987 1513 1044 Glastonburgense
1543 986 1740 1027 Arthurii

252 1063 501 1120 sepulcrum
526 1063 713 1104 invisum
737 1064 853 1116 ierit,
873 1072 914 1105 et
938 1064 1229 1122 plantagenet
1250 1064 1427 1105 unicum
1452 1062 1589 1104 filium
1611 1079 1741 1120 quem

254 1157 276 1182 a
293 1141 550 1182 Constantia
567 1141 823 1182 Britannica
840 1150 1111 1199 susceperat,
1132 1141 1228 1198 ipso
1245 1141 1394 1182 herois
1417 1140 1595 1181 nomine
1613 1156 1742 1197 appe-

255 1218 427 1259 llaverit
442 1220 468 1259 ¹.
489 1219 733 1260 Plurimum
754 1219 901 1260 valent
921 1235 969 1260 ea
986 1226 1242 1278 argumenta
1260 1234 1357 1259 cum
1380 1217 1744 1259 animadvertitur

221 1297 469 1338 -invectum
508 1312 603 1337 esse
630 1296 858 1353 Mappium
887 1296 929 1336 in
965 1296 1234 1337 inconditam
1264 1295 1553 1336 rusticitatem
1585 1294 1745 1335 carmi-

256 1390 359 1414 num
394 1389 504 1431 quae
539 1373 747 1414 dicuntur
780 1373 1035 1415 Cantilenae
1065 1372 1117 1413 de
1153 1372 1351 1422 Gestis‘23
1383 1372 1436 1412 ab
1472 1387 1522 1413 eo
1550 1371 1745 1413 laudatas

258 1466 354 1492 esse
376 1451 569 1491 urbanae
592 1450 834 1508 elegantiae
867 1451 1097 1491 illecebras
1117 1451 1145 1500 ³,
1167 1459 1209 1491 et
1234 1448 1401 1506 aliquid
1417 1448 1470 1489 de
1493 1448 1630 1505 epicis
1653 1464 1746 1489 car-

258 1528 464 1577 minibus,
495 1536 543 1568 ut
564 1527 617 1568 de
640 1528 832 1583 Trojano
862 1527 1011 1584 Cyclo,
1038 1527 1172 1567 fuisse
1197 1525 1492 1585 significatum
1514 1526 1558 1566 in
1585 1525 1744 1575 libro‘;

256 1620 354 1645 cum
370 1604 561 1661 denique
577 1604 811 1645 narrandis
828 1604 1030 1645 civilibus
1047 1603 1192 1652 bellis,
1213 1603 1372 1660 quibus
1389 1603 1504 1644 circa
1527 1602 1747 1643 decimum

257 1681 477 1722 saeculum
500 1681 729 1722 Britannia
752 1689 977 1722 cruentata
1000 1689 1082 1731 est,
1107 1680 1298 1721 libenter
1320 1679 1596 1721 indulsisse⁵.

316 1761 380 1800 Ex
406 1758 502 1799 istis
525 1758 730 1799 omnibus
753 1758 795 1798 in
820 1774 953 1799 unum
977 1758 1139 1799 coactis
1164 1757 1358 1815 assurgit
1385 1764 1747 1815 argumentorum

257 1851 417 1892 corpus
464 1835 750 1895 singulariter
795 1835 984 1884 firmum,
1028 1834 1290 1892 praesertim
1331 1833 1366 1874 si
1420 1832 1750 1874 consideramus

258 1929 389 1970 quam
420 1928 573 1969 parum
605 1913 796 1953 habeant
836 1912 1047 1969 ponderis
1084 1912 1194 1953 duae
1236 1911 1429 1952 rationes
1469 1927 1490 1952 a
1525 1909 1751 1967 judicibus

259 1990 412 2031 allatae
430 1990 504 2047 qui
527 1998 798 2048 negaverunt
814 1998 982 2046 partem
1005 1989 1137 2030 ullam
1161 2005 1294 2046 opere
1318 1988 1499 2029 intanto
1524 1987 1749 2044 Mappium

258 2068 481 2109 habuisse.
507 2067 650 2108 Testis
672 2067 861 2124 primum
885 2067 1044 2107 citatur
1066 2066 1273 2107 Giraldus
1297 2065 1595 2112 Cambrensis,
1621 2080 1642 2105 a
1665 2079 1751 2120 quo

260 2145 509 2202 accepimus
539 2144 802 2188 &valterium
832 2143 1008 2185 solitum
1041 2143 1204 2193 dicere,
1230 2159 1327 2184 cum
1359 2142 1487 2184 ambo
1516 2141 1752 2183 convenie-

262 2224 366 2264 bant
403 2239 410 2263 :
455 2240 475 2261 «
512 2221 666 2272 Multa,
710 2220 920 2279 magister
956 2220 1152 2270 Giralde,
1191 2219 1449 2277 scripsistis,
1491 2227 1533 2260 et
1566 2218 1751 2259 multum

261 2300 403 2341 adhuc
433 2299 644 2349 scribitis,
671 2307 714 2340 et
734 2314 814 2339 nos
844 2298 977 2338 multa
1007 2297 1211 2338 diximus.
1237 2298 1324 2339 Vos
1355 2296 1517 2353 scripta
1547 2295 1749 2347 dedistis,

263 2385 305 2418 et
326 2393 405 2417 nos
432 2377 580 2417 verba.
614 2377 665 2417 Et
689 2391 938 2432 quanquam
958 2375 1120 2431 scripta
1143 2383 1284 2415 vestra
1308 2373 1441 2431 longe
1464 2372 1752 2414 laudabiliora

263 2455 351 2495 sint
385 2461 427 2494 et
459 2453 743 2512 longaeviora
780 2468 908 2510 quam
949 2452 1065 2492 dieta
1104 2460 1269 2502 nostra,
1308 2450 1408 2508 quia
1455 2458 1602 2490 tamen
1645 2450 1752 2490 haec

304 2568 333 2598 1.
352 2566 439 2597 Dist.
462 2567 502 2603 1³,
524 2566 596 2596 137.

305 2616 334 2644 2.
353 2617 399 2644 De
417 2613 534 2655 thgz'5‚
557 2624 589 2653 p.
614 2613 684 2644 195.

305 2662 335 2692 3.
357 2661 459 2700 Ibid„
481 2671 516 2700 p.
539 2662 590 2699 89,
611 2660 671 2691 lin.
691 2660 755 2690 1-3.

305 2710 336 2738 4.
356 2708 458 2747 Jbid„
481 2719 515 2748 p.
538 2709 588 2738 92.

306 2758 336 2786 5.
362 2756 448 2786 Dist.
472 2756 540 2791 1v³,
566 2755 668 2796 chap.
690 2765 746 2785 xv.
770 2755 819 2785 Ad
845 2754 982 2784 fabulas
1004 2753 1045 2784 de
1068 2753 1237 2783 Melusina
1259 2751 1397 2782 alludit.
1415 2751 1552 2787 Quanto
1576 2754 1756 2791 praestent

266 2803 406 2843 Trojani
422 2803 528 2833 semel
545 2807 578 2833 et
592 2803 719 2833 iterum
740 2802 841 2837 dicit;
856 2806 1036 2843 praeterea
1055 2801 1188 2831 nullum
1207 2801 1321 2830 locum
1343 2798 1568 2840 praedicandi
1589 2801 1755 2838 quantum

266 2855 461 2881 contemnat
482 2851 631 2882 Graecos
647 2849 907 2891 praetermittit.
