1842 3288
224 350 282 382 18ss
454 387 456 392 ,
719 358 770 383 nn
803 357 1027 383 wALTEmo
1064 356 1221 382 ΜΑΡΡιο

223 441 413 482 facinora
443 457 617 499 quoque
648 444 701 483 ab
735 442 1032 483 archidiaconi
1067 442 1332 498 obsequioso
1368 443 1570 485 ministro
1599 460 1718 485 com-

222 518 367 568 missa,
405 518 456 558 ab
500 518 579 559 ista
628 518 816 561 deformi
851 519 1050 575 harpyia,
1093 518 1274 559 decano.
1316 519 1458 568 Prior,
1508 521 1561 561 ab
1601 521 1719 578 epis-

220 609 355 650 copo,
406 597 529 652 cujus
576 612 732 652 pravos
782 595 916 636 refert
968 610 1137 643 mores,
1187 595 1496 637 ecclesiasticis
1538 597 1719 654 judiciis

220 671 517 728 praepositus,
550 673 701 713 statuit
726 672 899 713 decreta
924 688 1035 729 quae
1066 672 1204 712 solvet
1226 672 1388 722 nullus,
1422 690 1442 712 «
1473 674 1558 714 nisi
1589 673 1718 715 resol-

221 748 332 789 verit
380 748 501 805 prius
549 749 817 805 marsupium
869 766 908 798 »,
963 748 1120 789 format
1162 768 1181 787 «
1226 748 1417 790 fallacias
1462 750 1541 791 sub
1582 750 1718 791 forma

222 826 403 866 canonis
437 844 476 875 »,
516 835 562 867 ut
596 827 891 867 incatenatum
927 841 1049 866 reum
1083 842 1242 884 cogere
1275 827 1417 882 possit
1448 826 1501 867 ad
1546 835 1720 868 catenas

224 918 355 942 aureo
380 911 499 943 vecte
534 902 822 960 frangendas;
861 902 1051 959 denique
1081 904 1124 943 in
1154 903 1470 960 episcopalium
1498 903 1719 945 redituum

224 979 623 1028 administratione,
650 979 816 1036 reperit
844 995 1003 1020 novum
1028 980 1248 1022 fructuum
1281 981 1471 1022 fonteml

651 1092 766 1124 Canis
788 1092 1057 1125 archidiaconi.

282 1199 508 1239 Posterior
538 1198 714 1241 eosdem
737 1208 823 1240 tam
846 1200 1057 1240 honestos
1081 1216 1224 1240 mores
1248 1201 1342 1257 ipse
1365 1216 1541 1257 quoque
1571 1199 1717 1250 refert,

223 1275 310 1316 imo
337 1275 511 1332 perficit
543 1292 550 1315 :

482 1371 655 1403 Decanus
679 1371 781 1403 canis
795 1378 851 1404 est
875 1371 937 1416 qui
961 1383 1122 1415 sequens
1145 1372 1296 1415 praevia

482 1427 583 1459 Nare
606 1427 795 1471 cupidinis
811 1427 905 1459 lucri
925 1427 1098 1468 vestigia.

488 1484 633 1516 Inducit
657 1483 791 1516 callide
814 1483 905 1515 cleri
927 1484 1120 1528 marsupia

488 1540 572 1579 Quo
592 1540 700 1584 prius
722 1540 854 1572 fixerat
876 1539 1056 1583 magister
1078 1540 1174 1573 retia
1189 1541 1216 1573 2.

288 1650 489 1689 Decanus
519 1649 624 1689 satis
646 1649 777 1689 habet
801 1648 1100 1689 archidiaconi
1130 1649 1354 1706 reliquias,
1380 1665 1430 1690 eo
1452 1648 1721 1690 immundior

228 1741 313 1783 quo
360 1725 618 1785 ignobilior,
663 1741 712 1766 eo
758 1725 929 1766 foedior
968 1742 1054 1782 quo
1099 1726 1321 1767 rusticior.
1370 1726 1720 1767 Archidiaconus

228 1803 402 1860 seponit
429 1803 661 1860 pecuniam
688 1811 901 1844 servatam
925 1802 977 1843 ad
1007 1803 1209 1843 alendam
1227 1803 1468 1860 jucundam
1491 1803 1716 1854 focariam,

885 1921 924 1947 ul.
945 1927 1014 1959 per
1032 1914 1196 1948 cubiculi

488 1971 689 2003 Fortunam
706 1970 841 2004 habeat
866 1971 1053 2004 fortunam
1068 1971 1198 2015 loculi,

486 2026 532 2060 Et
552 2039 622 2072 per
643 2026 857 2060 vehiculum
879 2039 988 2060 omen
1009 2027 1172 2060 vehiculi
1186 2028 1214 2062 3.

229 2139 432 2178 Decanus
460 2136 503 2176 in
529 2137 641 2177 vinis
665 2136 865 2177 emendis
894 2136 1067 2193 quaerit
1096 2137 1312 2194 sepositae
1341 2137 1553 2194 pecuniae
1581 2136 1718 2177 collo-

228 2213 445 2254 cationem
493 2221 622 2270 atque
669 2213 996 2271 aegritudinum
1041 2213 1348 2255 levamentum.
1398 2213 1524 2256 Vitiis
1563 2213 1719 2254 iisdem

229 2298 270 2331 et
313 2290 591 2347 gravioribus
638 2290 839 2331 laborant
885 2289 1208 2331 ecclesiasticae
1254 2290 1530 2331 hierarchiae
1581 2290 1721 2330 infimi

229 2366 424 2415 ordines,
456 2376 546 2407 tum
577 2385 595 2405 «
629 2367 839 2408 officiales
876 2385 914 2417 »,
944 2367 1017 2408 isti
1045 2367 1265 2408 curiarum
1298 2366 1616 2424 episcopalium
1644 2383 1722 2424 ap-

228 2443 462 2500 paritores,
492 2445 566 2501 qui
590 2463 608 2482 «
635 2453 865 2485 venatores
888 2453 930 2485 et
952 2460 1143 2501 aucupes
1166 2443 1399 2501 praesulis,
1425 2452 1598 2501 ponunt
1619 2444 1722 2484 insi·

229 2520 321 2561 dias
354 2520 491 2561 cautis
523 2529 565 2561 et
598 2520 766 2561 timidis
797 2538 836 2569 »,
868 2529 997 2578 atque
1032 2522 1085 2562 ab
1120 2520 1360 2578 episcopali
1395 2521 1581 2577 pecunia
1613 2520 1722 2561 male

228 2605 378 2653 parata
417 2597 628 2638 decimam
665 2597 920 2638 distrahunt
954 2598 1280 2657 gravissima1n3
1317 2606 1410 2638 tum
1446 2597 1721 2654 parochiales

229 2674 496 2725 sacerdotes,
547 2674 632 2732 ipsi
680 2690 854 2731 quoque
903 2675 1211 2716 sublimiorum
1259 2674 1464 2716 ordinum
1512 2673 1723 2731 exemplis

271 2812 299 2842 1.
323 2814 484 2842 Poemata
523 2823 545 2853 p
581 2814 600 2842 9

275 2860 305 2888 2.
325 2860 361 2890 P.
388 2860 438 2896 10,
462 2860 496 2889 11

276 2907 306 2936 3.
325 2907 362 2937 P.
382 2907 433 2938 10.
