1842 3288
237 324 276 352 50
729 329 781 354 DE
814 329 1038 355 WALTEnlo
1073 330 1229 356 MAPPlo

236 428 377 453 cerem
409 413 553 463 missi;
590 413 663 454 alii
697 413 903 455 candenti
929 415 1044 456 ferro
1079 415 1221 456 adusti
1253 425 1355 456 sunt
1378 417 1404 457 ¹.
1442 417 1648 458 Attamen
1682 418 1726 458 in

233 490 416 530 historia
436 490 689 531 certaminis
712 491 907 532 instituti
929 508 1026 532 cum
1055 493 1224 533 Summi
1242 492 1471 534 Pontificis
1501 502 1727 535 crescente

232 566 420 623 singulis
444 566 603 607 diebus
633 568 909 618 auctoritate,
931 585 1091 610 nomen
1124 569 1241 609 illius
1273 570 1417 610 omitti
1446 586 1532 611 non
1561 579 1722 628 potest.

233 642 572 699 Archiepiscopi
600 644 795 685 Thomae
824 645 981 686 caedes
1017 661 1104 687 non
1141 655 1206 687 est
1236 646 1321 687 nisi
1353 646 1591 688 discrimen
1623 648 1726 689 ulti-

235 735 349 760 mum
381 719 487 760 belli
520 735 744 777 nunquam
777 721 1012 778 interrupti
1041 723 1084 762 in
1108 739 1193 779 quo
1226 722 1279 763 ad
1308 723 1425 763 hunc
1448 722 1578 764 finem
1604 740 1724 780 spec—

236 797 407 837 tabatur
439 805 485 837 ut
507 797 704 838 Ecclesia
736 799 883 855 regiae
906 800 1116 853 potestati
1150 800 1275 841 fieret
1309 799 1498 840 subdita.
1532 800 1724 842 Credere

234 873 337 914 licet
365 874 537 914 labores
561 883 788 931 susceptos
814 875 959 915 animo
982 877 1146 934 regiam
1170 876 1346 933 quidem
1367 877 1722 933 jurisdictionem

234 950 508 1006 proferendi,
553 951 953 993 ecclesiasticorum
991 969 1094 994 vero
1134 954 1424 995 tribunalium
1463 953 1722 995 dominatio-

232 1043 332 1068 nem
368 1027 659 1068 imminuendi
696 1044 973 1085 nequaquam
1012 1031 1227 1088 gratuitos
1274 1031 1425 1081 fuisse,
1460 1046 1539 1071 nec
1583 1039 1721 1071 tenta-

229 1105 358 1145 batur
388 1104 573 1145 arduum
595 1120 705 1161 opus
727 1104 948 1146 efficiendi
971 1115 1018 1147 ut
1046 1107 1245 1164 anglicus
1267 1108 1428 1159 clerus,
1452 1107 1567 1164 apud
1591 1123 1720 1164 quem

230 1197 373 1222 mores
397 1181 684 1223 contaminati
714 1190 852 1232 erant,
878 1182 932 1223 ad
958 1182 1184 1224 meliorem
1208 1184 1379 1243 frugem
1408 1200 1452 1225 se
1481 1184 1718 1241 reciperet,

228 1257 304 1299 sed
327 1258 473 1299 onmia
508 1274 558 1299 eo
587 1258 773 1299 consilio
802 1259 1048 1318 agebantur
1075 1269 1121 1301 ut
1149 1261 1329 1301 Domini
1357 1261 1521 1301 nullam
1559 1260 1718 1300 admit-

189 1383 200 1389 ,
224 1335 376 1384 tentis,
412 1344 586 1391 praeter
614 1352 752 1386 suam,
779 1337 1083 1378 auctoritatem
1112 1337 1288 1378 libidini
1316 1337 1361 1378 in
1389 1337 1482 1378 dies
1511 1337 1717 1378 ferociori

226 1412 477 1453 satisfieret.
509 1414 566 1454 Ut
599 1413 748 1453 videre
778 1414 877 1463 erit,
902 1413 1143 1456 VValtei-ius
1172 1414 1216 1454 in
1252 1423 1422 1472 partem
1452 1414 1598 1471 regiae
1626 1413 1716 1454 irae

225 1498 376 1530 contra
410 1491 571 1546 Papam
607 1490 826 1540 veniebat,
860 1491 904 1531 in
939 1499 1107 1547 partem
1131 1491 1260 1531 etiam
1284 1491 1540 1532 inimicitiae
1562 1498 1715 1531 contra

227 1566 440 1622 quosdam
469 1566 705 1625 religiosos
728 1567 905 1608 ordines
929 1567 1071 1609 labori
1094 1584 1298 1609 manuum
1334 1568 1462 1616 unice
1495 1567 1712 1617 intentos;

225 1643 301 1683 sed
331 1643 383 1683 ad
412 1643 607 1684 eamdem
641 1644 904 1685 sententiam
937 1644 1066 1703 longe
1089 1645 1326 1686 dissimiles
1359 1661 1433 1685 eos
1462 1660 1614 1685 causae
1643 1643 1713 1685 de-

223 1719 460 1770 ducebant,
500 1720 670 1762 scilicet
709 1721 798 1772 ille,
844 1721 990 1778 specie
1032 1722 1310 1763 assimulatae
1343 1721 1387 1762 in
1428 1721 1710 1762 immodicum

222 1797 409 1838 Romani
444 1797 672 1839 Pontificis
711 1798 945 1855 imperium
981 1799 1316 1857 indignationiS,
1352 1799 1511 1840 ardens
1542 1797 1712 1840 celabat

222 1874 491 1915 desiderium
535 1875 793 1917 dominandi
821 1876 863 1917 in
901 1876 1066 1917 clerum
1104 1886 1149 1918 ut
1176 1876 1309 1918 docili
1338 1876 1456 1918 clero
1476 1883 1707 1926 ,uteretum

218 1951 306 2001 hic,
333 1952 500 2008 jocosis
538 1952 698 2003 verbis,
737 1953 969 1994 christiani
1003 1970 1132 2011 aegre
1164 1954 1372 2010 patientis
1416 1953 1546 1994 fidem
1587 1968 1708 1993 suam

219 2028 479 2069 dedecorari
507 2044 770 2086 generosam
805 2030 913 2071 iram
944 2030 1269 2072 dissimulabat.
1302 2021 1529 2086 Quidquid
1557 2030 1601 2071 id
1624 2037 1705 2078 est,

218 2106 415 2163 quamvis
444 2105 554 2147 alter
579 2107 631 2147 ab
661 2107 800 2148 altero
826 2108 1028 2148 sensibus
1052 2095 1185 2148 animi
1208 2108 1337 2164 plane
1361 2106 1577 2154 differret,
1608 2122 1704 2147 cum

217 2183 345 2223 ambo
374 2183 552 2224 eosdem
570 2184 724 2224 eodem
741 2186 906 2242 impetu
930 2185 1202 2226 adversarios
1225 2184 1589 2243 aggrederentur,
1620 2183 1707 2224 duo

215 2259 281 2300 illi
309 2259 408 2310 viri,
434 2276 544 2317 quos
573 2261 732 2302 similia
764 2262 808 2302 in
831 2261 991 2303 litteris
1014 2261 1173 2313 studia,
1194 2261 1361 2302 similes
1384 2260 1553 2319 ingenii
1581 2260 1704 2301 dotes

213 2338 302 2392 jam
340 2337 679 2389 contrahebant,
724 2338 857 2379 simili
882 2339 1011 2380 etiam
1042 2339 1212 2379 ratione
1246 2339 1299 2379 de
1333 2338 1550 2396 religione
1579 2336 1704 2393 judi-

215 2413 343 2455 candi
367 2415 752 2456 consociabantur.

271 2492 461 2533 Necesse
481 2500 573 2533 erat
594 2492 773 2533 Henrici
791 2493 984 2534 indolem
1002 2492 1177 2549 plenius
1195 2492 1484 2551 depingerem
1507 2499 1553 2533 ut
1571 2491 1702 2532 intel-

213 2568 291 2625 ligi
339 2577 490 2624 posset
536 2569 756 2626 quomodo
814 2570 1020 2627 Mappius
1069 2579 1156 2610 tam
1204 2570 1425 2627 insignem
1479 2569 1698 2610 fortunam

212 2653 420 2701 expertus
453 2645 617 2687 fuerit:
651 2646 891 2688 ordinatim
913 2646 1039 2688 illum
1068 2647 1121 2688 ad
1155 2648 1347 2688 honores
1380 2645 1696 2704 promovendo,

211 2722 418 2780 eligendo
458 2723 682 2765 hominem
721 2724 796 2781 qui
833 2724 917 2764 sibi
949 2723 1150 2773 serviret,
1181 2740 1315 2765 unum
1345 2740 1367 2765 e
1394 2722 1700 2768 Wallensibus

248 2894 277 2924 1.
300 2893 470 2932 Schmidt,
492 2894 642 2925 Historia
663 2894 907 2937 Albigensium,
931 2895 957 2934 I,
975 2906 1010 2936 p.
1032 2896 1084 2926 98.
1105 2913 1145 2919 —
1166 2895 1335 2937 Bouquet,
1356 2895 1448 2935 XIII,
1472 2905 1505 2935 p.
1529 2894 1601 2924 187.
