1842 3288
252 350 291 379 92
747 354 797 379 DE
828 355 1054 380 WALTEulo
1089 355 1245 380 MAPPIO

254 441 459 481 tabantur
495 438 624 479 fidem
661 455 780 480 suam
813 439 915 480 hinc
945 449 1017 481 aut
1052 440 1173 481 illinc
1204 455 1401 480 resecare
1436 441 1745 498 neminemque

255 516 448 558 medium
474 516 590 557 inter
609 525 651 556 tc
675 532 722 556 ac
744 517 883 557 Deum
909 517 1137 558 adhibere.

310 593 431 634 Nihil
458 593 699 637 XValterius
732 594 936 650 Mappius
970 593 1175 635 concedit
1208 609 1304 634 cum
1335 592 1387 633 dc
1418 593 1547 635 cleris
1582 596 1744 654 agitur3

253 670 398 711 omnia
446 679 598 728 negat3
648 669 791 711 cleros
839 670 955 711 enim
1003 672 1093 712 vult
1144 671 1335 727 primum
1383 671 1425 710 in
1473 686 1517 711 re
1569 672 1746 728 publica

257 747 457 787 obtinere
480 746 640 795 locum,
666 747 766 804 quia
790 747 898 787 nulli
931 757 1031 788 sunt
1061 764 1156 788 cum
1187 747 1404 797 doctrina,
1435 755 1526 788 tum
1551 749 1745 790 moribus

254 824 384 864 cleris
409 825 579 880 pares¹.
611 826 665 865 [t
697 833 838 864 autem
874 824 915 864 in
950 825 1168 865 clerorum
1204 832 1467 881 potestatem
1496 824 1746 866 conseratur

256 900 472 957 quidquid
518 901 571 941 ad
618 901 787 941 animos
820 901 1134 959 gubernandos
1173 910 1214 942 ct
1252 901 1305 942 ad
1352 900 1746 943 administrandam

254 993 347 1017 rem
404 977 625 1034 publicam
685 978 893 1034 pcrtiilct,
957 994 1135 1019 11000550
1188 987 1254 1019 cst
1305 987 1566 1035 potestatem
1629 979 1748 1020 illam

253 1054 515 1095 confirmare
545 1063 584 1095 et
615 1054 833 1111 quidquid
859 1070 951 1095 eam
982 1055 1197 1096 lacessere
1227 1055 1369 1112 possit
1391 1056 1668 1113 abrumpere.
1693 1082 1750 1087 —

252 1131 389 1173 Valde
437 1147 541 1187 ergo
590 1140 817 1188 oporteret
863 1131 978 1188 apud
1027 1132 1194 1190 Anglos
1247 1132 1458 1173 beneficia
1504 1132 1748 1174 hereditate

253 1209 511 1257 transmitti,
551 1225 603 1249 ne
652 1209 765 1250 bona
809 1208 852 1249 in
900 1208 1048 1265 plures
1084 1218 1230 1266 partes
1269 1209 1590 1261 dividerentur,
1640 1226 1746 1252 neve

255 1294 493 1345 augeretur
522 1286 827 1327 mendicorum
862 1287 1223 1343 presbyterorum
1259 1302 1464 1327 numerus
1479 1288 1508 1327 ‘·'.
1539 1313 1595 1318 -—
1619 1287 1748 1345 Apud

255 1362 406 1404 Gallos
450 1372 611 1414 autem,
650 1362 976 1419 jurisdictionis
1030 1363 1353 1404 ecclesiasticae
1401 1363 1445 1404 in
1485 1379 1747 1421 unaquaque

259 1440 484 1497 provincia
530 1442 629 1496 jura
670 1440 781 1490 coli,
834 1449 879 1481 ut
925 1441 1061 1481 coluit
1107 1440 1354 1481 Ludovicus
1408 1441 1621 1497 septimus
1674 1443 1750 1498 qui

257 1535 276 1555 «
321 1525 485 1557 tantam
539 1519 632 1558 Deo
680 1518 967 1558 reverentiam
1017 1518 1207 1558 habebat
1250 1526 1296 1557 ut
1336 1518 1542 1574 quotiens
1581 1518 1749 1575 aliquid

256 1594 512 1634 emersisset
552 1610 725 1645 causae,
769 1594 888 1651 quod
935 1595 1078 1651 ipsum
1112 1603 1154 1635 et
1180 1594 1410 1635 ecclesiam
1452 1595 1748 1654 contingeret,

259 1671 370 1711 sicut
413 1687 521 1711 unus
560 1670 875 1712 canonicorum
917 1687 1100 1712 censura
1130 1688 1173 1712 50
1221 1671 1401 1727 capituli
1442 1672 1750 1713 moderabatur

257 1757 297 1788 et
321 1747 571 1804 appellabat
597 1764 617 1788 a
640 1748 920 1806 ἰ(ζ1η1ν311111103
950 1767 989 1788 )).

314 1827 427 1865 Haec
474 1825 620 1866 omnia
659 1825 745 1865 dici
795 1826 1029 1882 oportebat
1073 1843 1080 1866 :
1125 1841 1241 1866 nunc
1282 1834 1429 1866 tamen
1470 1827 1638 1882 justum
1680 1835 1746 1867 est

253 1902 489 1943 ostendere
513 1918 641 1959 quam
672 1918 800 1959 saepe
831 1902 1037 1959 aequales
1069 1918 1170 1943 51105
1193 1902 1434 1946 walterius
1455 1903 1676 1960 MappiUS‚
1706 1912 1748 1944 et

253 1979 306 2019 de
338 1979 470 2020 rebus
512 1978 824 2019 ecclesiasticis
871 1979 1213 2036 reprehenderit
1253 1988 1295 2020 ct
1340 1979 1561 2037 quomodo
1602 1996 1745 2020 mores

255 2072 383 2112 saepe
419 2064 587 2096 mutare
625 2056 856 2113 cupiverit.
888 2057 977 2097 Nee
1016 2056 1131 2096 enim
1168 2057 1296 2097 nobis
1330 2056 1490 2113 placet,
1516 2065 1747 2113 postquam

255 2134 424 2174 sincere
449 2133 576 2174 fidem
602 2135 694 2190 ejus
724 2142 766 2174 et
793 2134 837 2174 in
870 2134 1131 2191 religionem
1163 2133 1331 2175 Christi
1360 2142 1402 2175 et
1435 2134 1479 2174 in
1508 2133 1749 2174 Ecclesiam

255 2211 411 2252 lectori
463 2210 623 2252 claram
671 2211 869 2261 fecimus,
913 2210 1133 2251 oblivione
1180 2211 1325 2268 perire
1365 2211 1582 2268 quidquid
1625 2219 1750 2252 antea

256 2288 462 2335 diximus,
507 2304 604 2328 011111
656 2287 936 2338 ΧΥῑ11101111111,
981 2287 1122 2328 adhuc
1157 2289 1379 2344 juvenem,
1428 2287 1751 2328 observavimus

256 2365 519 2405 Parisiensis
560 2364 871 2406 Universitatis
928 2364 1165 2421 disciplina
1216 2364 1268 2405 ad
1314 2364 1563 2405 libertatem
1613 2364 1748 2405 animi

256 2458 350 2482 esse
372 2441 659 2483 vindicatum.

315 2518 509 2560 Plurima
541 2528 640 2560 sunt
678 2520 721 2559 in
759 2519 873 2559 libro
904 2519 970 2562 De
990 2519 1133 2576 Nugis
1163 2518 1229 2559 vel
1267 2518 1320 2559 de
1347 2518 1598 2559 Pontificali
1619 2518 1750 2561 Curia

253 2597 322 2637 vel
357 2596 412 2636 de
445 2597 701 2637 monasticis
732 2595 995 2653 quibusdam
1019 2595 1251 2636 ordinibus
1279 2603 1353 2637 aut
1381 2596 1644 2637 mordaciter
1677 2604 1751 2637 aut

255 2690 332 2731 per
374 2674 614 2715 ludibrium
658 2673 835 2714 referta.
875 2675 965 2714 Jam
1008 2672 1270 2714 duodecimo
1315 2672 1488 2714 saeculo
1529 2672 1614 2714 duo
1647 2671 1751 2714 vitia

297 2814 326 2843 1.
351 2816 396 2843 De
415 2812 531 2853 Nugt's,
556 2823 588 2852 p.
612 2813 641 2842 8.

296 2862 324 2891 2.
349 2860 449 2895 Jbid„
469 2871 503 2900 p.
523 2861 574 2890 37.

296 2910 324 2938 3.
348 2908 445 2939 Ιόιί].,
469 2919 502 2948 p.
526 2908 597 2938 216.
