1842 3288
260 268 319 298 128
754 272 805 297 DE
839 272 1063 298 WALTEMO
1098 272 1254 298 MAPPIO

319 358 498 399 Rectius
521 356 630 398 illud
654 356 945 414 intelligetur,
972 357 1006 398 si
1030 357 1217 398 duorum
1241 357 1446 407 militum,
1466 367 1557 399 tum
1580 359 1750 409 habitu,

258 443 348 475 tum
381 433 496 474 victu
532 432 717 474 maxime
746 432 1043 484 dissimilium,
1082 433 1251 491 effigies
1284 450 1305 475 a
1341 435 1519 492 Mappio
1554 435 1752 493 depictas

259 510 595 567 inspexerimus.
645 511 784 561 Unus,
826 518 992 551 mature
1032 510 1194 561 calvus,
1234 510 1349 551 unde
1390 511 1454 552 illi
1502 528 1749 572 cognomen

261 604 282 626 ((
307 586 516 644 Episcopi
541 604 580 634 »‚
600 586 780 628 loricam
805 587 999 644 equitum
1019 587 1237 636 induerat,
1258 596 1300 628 et
1322 587 1559 630 nebulosae
1579 589 1752 631 Scotiae

260 663 394 705 colles
411 663 653 714 incolebat3
672 664 798 714 alter,
817 680 963 705 crasso
983 673 1025 705 et
1042 664 1195 722 pingui
1218 680 1421 721 corpore,
1439 666 1751 707 monachorum

261 756 382 781 more
403 741 604 792 vestitus,
636 741 679 781 in
707 741 976 782 Normannia
1001 740 1216 782 viridibus
1247 741 1384 798 pratis
1414 741 1571 782 decora
1604 742 1752 784 sedem

261 826 468 874 posuerat
493 834 500 857 ε
528 827 713 874 uterque
742 817 986 874 impavidus
1016 818 1106 875 qui,
1138 818 1380 859 lacessente
1409 817 1677 870 adversario,
1709 835 1753 861 se

262 894 363 953 fuga
410 894 531 935 nullo
583 894 712 935 modo
759 894 1039 935 subduceret.
1091 896 1288 947 Quorum
1336 895 1474 951 prior,
1524 895 1751 953 Gillescop

262 972 456 1021 nomine,
484 988 505 1010 «
535 987 556 1012 a
587 973 816 1028 juventute
840 971 883 1011 in
913 972 1082 1012 senium
1106 971 1245 1012 felicis
1269 971 1349 1013 suit
1375 972 1507 1013 homo
1530 971 1750 1024 audaciae,

262 1048 331 1088 cui
368 1064 593 1105 nunquam
630 1048 862 1089 temeraria
903 1049 1204 1105 praesumptio
1239 1064 1425 1090 noverca
1461 1057 1541 1099 est,
1579 1065 1676 1090 cum
1709 1049 1753 1090 in

262 1141 391 1166 omne
414 1125 657 1182 periculum
684 1125 808 1182 quasi
831 1141 985 1166 caecus
1008 1125 1204 1176 irruerit,
1236 1134 1278 1166 et
1306 1141 1404 1166 raro
1432 1126 1499 1167 vel
1531 1141 1754 1183 nunquam

263 1211 382 1244 tanta
419 1202 697 1259 protervitati
735 1203 823 1243 sint
860 1202 1009 1261 negati
1041 1218 1270 1243 successus
1306 1221 1341 1242 ».
1389 1202 1545 1244 Adhuc
1580 1203 1755 1260 juvenis

266 1268 380 1329 erat,
400 1295 498 1320 cum
527 1295 602 1320 rex
624 1279 911 1336 quarumdam
935 1279 1194 1329 insularum,
1221 1295 1271 1320 ex
1294 1279 1346 1320 iis
1374 1279 1534 1337 quibus
1557 1280 1755 1336 proxima

268 1356 442 1397 Scotiae
482 1356 632 1397 littora
685 1357 855 1397 consita
896 1365 1012 1403 sunt,
1057 1372 1175 1397 suam
1218 1355 1285 1396 illi
1325 1356 1507 1397 amicam
1557 1356 1751 1398 abstulit.

267 1433 374 1473 Inde
389 1441 561 1474 tantum
579 1432 770 1474 furorem
795 1433 940 1473 animo
958 1433 1199 1490 concepit«
1226 1441 1287 1482 ut,
1308 1432 1571 1474 inconsultis
1589 1433 1756 1484 amicis,

267 1525 353 1550 non
384 1518 636 1566 exspectata
668 1509 736 1550 vel
765 1510 955 1566 expetita
990 1525 1113 1560 nave,
1151 1509 1349 1560 inermis,
1378 1517 1563 1566 excepto
1590 1509 1757 1567 gladio,

266 1586 437 1627 braccis
460 1586 504 1627 in
523 1586 627 1627 sella
645 1586 756 1636 fixis,
775 1595 946 1627 caetera
968 1586 1128 1636 nudus,
1147 1586 1328 1627 auderet
1350 1595 1532 1643 pontum
1550 1586 1757 1646 aggredi3

268 1679 313 1704 se
336 1663 430 1720 ipso
447 1679 551 1704 usus
575 1663 709 1714 clavo,
730 1663 897 1721 remige
913 1671 955 1704 et
969 1663 1081 1713 velo,
1102 1663 1217 1704 idem
1237 1663 1356 1704 navis
1379 1671 1422 1704 et
1437 1671 1582 1704 rector
1604 1664 1698 1720 ejus
1717 1680 1758 1703 ».

267 1741 375 1782 Cum
393 1740 551 1781 fretum
573 1749 908 1790 transnatasset,
935 1741 1023 1781 ruit
1039 1741 1082 1781 in
1105 1740 1246 1791 littus,
1265 1749 1308 1781 et
1330 1740 1382 1781 ad
1398 1740 1588 1797 raptoris
1611 1740 1756 1781 aedes.

267 1819 376 1859 Tum
419 1835 440 1857 «
478 1818 810 1875 introspiciens,
846 1818 962 1858 inter
998 1825 1222 1858 trecentos
1261 1825 1333 1858 aut
1369 1817 1517 1874 plures
1558 1817 1760 1858 convivas

267 1895 451 1936 amicam
481 1911 603 1935 suam
639 1894 914 1951 amplexibus
943 1895 1060 1954 regis
1086 1895 1351 1946 ,haerentem
1378 1894 1499 1936 videt
1529 1912 1569 1935 ».
1603 1895 1761 1936 Statim

269 1972 496 2029 ingressus
518 1987 730 2028 praeceps
754 1971 798 2011 in
822 1987 970 2028 regem
995 1971 1151 2022 fertur,
1177 1987 1262 2028 quo
1285 1971 1448 2019 occiso,
1474 1970 1576 2030 suga
1598 1986 1643 2011 se
1666 1986 1764 2028 pro-

270 2048 392 2106 ripit,
426 2064 542 2089 mare
573 2048 754 2096 invadit,
789 2056 831 2088 et
860 2065 880 2086 ‹(
912 2064 990 2105 per
1020 2048 1211 2088 medium
1241 2048 1463 2105 aequoris,
1493 2047 1687 2105 gladium
1717 2048 1761 2088 in

272 2142 400 2166 manu
436 2134 666 2166 cruentum
703 2133 875 2173 tenens,
910 2133 1057 2165 natatu
1092 2125 1221 2166 saluti
1253 2124 1460 2176 consulit,
1495 2125 1632 2165 instar
1667 2125 1761 2181 apri

271 2218 401 2259 quem
433 2218 562 2243 canes
596 2202 818 2243 oblatrant
849 2202 1036 2251 eminus,
1069 2218 1178 2259 quos
1206 2218 1226 2242 a
1262 2217 1503 2259 congressu
1536 2201 1761 2242 volucrum

271 2288 390 2320 arcet
421 2279 554 2320 timor
588 2288 630 2320 et
663 2296 685 2320 a
719 2287 876 2336 coepto
914 2278 1127 2319 desistere
1172 2294 1329 2319 rancor
1367 2279 1502 2319 animi
1539 2294 1627 2319 non
1661 2294 1763 2336 per-

272 2356 407 2397 mittit
431 2374 469 2397 ».

329 2434 504 2481 Postea,
524 2434 681 2490 inipso
699 2433 851 2474 aetatis
869 2434 1045 2483 robore,
1071 2449 1169 2473 cum
1192 2432 1309 2473 idem
1326 2432 1553 2488 Gillescop
1577 2431 1762 2488 quadam

271 2510 340 2551 die
375 2510 540 2551 rediret
570 2527 591 2551 a
622 2510 808 2567 proelio,
847 2509 1101 2551 vulneratus
1136 2509 1331 2566 quidem,
1368 2509 1444 2550 sed
1474 2509 1630 2559 victor,
1663 2524 1765 2549 cura

272 2587 411 2645 spolia
433 2586 672 2646 colligendi
695 2587 785 2628 suis
809 2586 976 2637 relicta,
1003 2586 1179 2627 domum
1204 2586 1350 2627 redire
1379 2585 1629 2626 festinabat.
1654 2586 1764 2626 Tum

276 2664 465 2722 impetus
494 2664 537 2704 in
560 2680 658 2705 eum
682 2663 729 2704 fit
761 2680 782 2704 a
808 2664 951 2704 tribus
979 2663 1226 2704 latronibus
1256 2663 1330 2720 qui
1364 2663 1408 2703 in
1433 2671 1627 2704 extrema
1659 2661 1764 2702 silva

276 2741 394 2782 nulla
434 2757 551 2782 arma
590 2749 765 2798 praeter
813 2740 1009 2781 lanceam
1056 2740 1293 2781 habentem
1334 2739 1642 2781 observabant.
1686 2738 1765 2779 Hic

276 2818 415 2867 hasta,
449 2817 522 2858 ille
552 2817 722 2868 lancea,
753 2818 909 2858 tertius
939 2817 1111 2875 sagittis
1141 2825 1498 2873 praetereuntem
1525 2816 1762 2872 impetunt.
