1842 3288
221 308 262 336 46
718 314 768 338 DF,
803 313 1025 338 WALTERIO
1062 312 1218 337 MAPPiO

223 406 428 446 staturae,
473 413 665 438 summos
707 398 945 439 excedebat
988 398 1030 438 in
1075 396 1263 446 modico,
1308 397 1371 437 vir
1413 398 1711 439 membrorum

221 474 474 530 integritate
502 474 736 531 vultusque
766 483 992 515 venustate
1028 475 1197 523 boatus,
1230 482 1272 514 et
1300 489 1427 530 quem
1459 475 1583 515 miles
1611 474 1712 515 dili—

218 559 374 607 genter
405 551 652 607 inspectum
678 552 935 592 accurrebat
967 550 1200 607 inspicere.
1236 568 1255 588 ))
1291 550 1548 591 Venationis
1576 567 1712 608 appe-

216 627 505 676 tentissimus,
533 628 774 668 insomnias
799 637 840 668 et
863 628 1034 668 labores
1058 628 1150 683 pari
1176 627 1384 667 facilitate
1406 643 1643 683 perpessus
1669 646 1709 679 »‚

219 720 450 760 pressurae
480 704 672 760 pulveris
706 714 747 745 et
778 705 854 745 luti
893 705 1080 761 patiens».
1115 704 1297 756 Quoties
1335 704 1378 744 in
1409 704 1574 745 somnis
1613 721 1710 746 eum

219 780 475 836 imaginaria
507 781 707 838 voluptas
741 782 918 838 agebat,
949 781 1124 838 corpori
1155 797 1232 821 suo
1263 781 1566 830 maledicebat,
1593 781 1710 838 quod

219 874 297 898 nec
333 858 471 902 labor,
504 873 582 898 nec
625 858 917 898 abstinentiae
959 858 1158 915 frangere
1207 858 1272 897 vel
1314 866 1549 898 extenuare
1593 858 1710 899 vale-

218 943 330 975 rent.
368 954 387 973 «
426 936 516 975 Irae
556 935 868 991 imperabat»,
908 943 953 975 ut
987 943 1087 991 pote
1127 935 1199 992 qui
1245 935 1473 975 lacessitus
1515 935 1706 989 injuriis,

216 1027 286 1051 eas
328 1011 462 1051 silens
504 1010 711 1068 perferet.
754 1012 939 1068 Semper
974 1012 1186 1052 itinerans
1226 1020 1317 1052 erat
1352 1013 1439 1052 «in
1471 1012 1553 1052 hoc
1586 1011 1710 1052 sami-

215 1087 296 1128 liae
327 1088 529 1144 sequenti
557 1088 686 1128 nimis
713 1088 1012 1129 inmisericors
1032 1090 1056 1127 ¹.
1080 1106 1100 1127 »
1126 1089 1171 1128 In
1203 1089 1333 1129 rebus
1372 1088 1555 1145 agendis
1586 1104 1709 1129 acer-

214 1164 366 1214 rimus,
398 1180 445 1204 ea
478 1164 580 1205 dote
609 1164 917 1221 praefulgebat
946 1166 1039 1206 sine
1068 1182 1151 1222 qua
1181 1166 1443 1206 immensum
1474 1165 1707 1221 imperium

213 1257 436 1298 nunquam
473 1241 784 1281 administrare
819 1242 1054 1298 potuisset,
1088 1258 1167 1282 nec
1201 1242 1317 1283 aliud
1353 1251 1442 1283 erat
1473 1258 1559 1298 quo
1588 1241 1708 1283 illius

215 1318 368 1359 aetatis
413 1319 615 1358 homines
664 1318 801 1375 magis
855 1327 1251 1368 commoverentur,
1286 1335 1381 1359 cum
1430 1319 1540 1359 nihil
1593 1327 1706 1359 esset

197 1396 353 1454 'magis
383 1395 678 1436 necessarium
711 1397 898 1436 turbatis
933 1396 1225 1452 temporibuS,
1258 1396 1300 1436 in
1334 1404 1464 1454 gente
1498 1396 1705 1453 gentibus

214 1489 234 1512 e
272 1473 420 1513 multis
452 1472 743 1512 coalescente.
779 1472 874 1512 Alia
907 1481 1053 1513 tamen
1088 1472 1188 1512 dote
1225 1472 1366 1513 adhuc
1398 1472 1580 1521 rariore,
1621 1488 1704 1529 qua

213 1550 439 1606 principes
479 1550 601 1604 regni
648 1565 797 1589 carere
841 1565 928 1589 non
965 1558 1166 1605 possunt,
1202 1550 1418 1590 Henricus
1465 1550 1702 1599 eminebat,

213 1626 363 1666 subtili
402 1641 559 1682 nempe
597 1626 781 1681 judicio,
821 1626 939 1682 quod
979 1642 1029 1666 ex
1064 1626 1262 1666 acumine
1295 1626 1481 1683 ingenii,
1518 1642 1570 1667 ex
1600 1627 1705 1667 sim-

211 1703 406 1759 plicitate
460 1711 502 1742 et
549 1703 753 1743 comitate
802 1703 937 1743 animi
988 1711 1127 1743 totum
1183 1711 1370 1743 constat.
1424 1704 1567 1760 Sagax
1613 1712 1706 1744 erat

205 1779 341 1835 judex
368 1779 600 1827 Henricus,
636 1788 748 1820 teste
777 1779 973 1836 Mappio,
1007 1796 1103 1820 cum
1134 1779 1288 1820 scribit
1315 1797 1321 1819 :
1356 1798 1376 1819 «
1402 1779 1622 1820 litteratus
1650 1780 1704 1821 ad

208 1872 380 1897 omnem
399 1856 643 1897 decentiam
668 1865 709 1896 et
733 1856 983 1904 utilitatem,
1011 1856 1174 1899 nullius
1199 1857 1416 1897 comitatis
1439 1857 1604 1897 inscius
1622 1858 1635 1878 ²
1653 1874 1674 1896 »
1691 1875 1713 1905 ;-

210 1934 404 1974 moribus
434 1934 563 1974 etiam
593 1933 778 1989 simplex
803 1950 810 1973 ε
839 1951 859 1972 α
884 1934 1228 1977 pretiosissimis
1252 1949 1427 1990 semper
1449 1933 1701 1984 redimitus,

207 2019 254 2050 ut
290 2019 396 2061 erat,
433 2026 520 2051 non
556 2010 739 2067 apponit
770 2010 1021 2066 superbiae,
1060 2026 1139 2051 nec
1175 2010 1342 2067 aliquid
1374 2010 1507 2051 altum
1548 2026 1703 2067 sapere

207 2088 462 2143 praesumit,
502 2103 580 2128 nec
622 2103 814 2144 unquam
851 2087 1039 2127 elatione
1084 2087 1227 2143 aliqua
1270 2087 1418 2147 lingua
1456 2089 1550 2144 ejus
1588 2088 1703 2128 intu-

209 2164 378 2215 mescit,
416 2180 495 2205 nee
531 2180 575 2204 se
611 2179 742 2220 supra
774 2164 999 2204 hominem
1036 2164 1301 2223 magnificat,
1341 2164 1418 2204 sed
1452 2179 1561 2222 quae
1594 2164 1702 2205 soris

210 2251 391 2296 apparet
432 2242 476 2281 in
518 2249 656 2291 veste,
695 2256 869 2296 semper
910 2249 973 2281 est
1016 2241 1059 2281 in
1096 2256 1170 2282 ore
1213 2240 1426 2281 munditia
1455 2242 1468 2262 3
1498 2258 1536 2280 ».
1572 2240 1701 2293 Quod

207 2317 259 2357 acl
294 2317 538 2358 benitatem
572 2317 750 2358 Henrici
791 2317 963 2366 attinet,
992 2317 1139 2358 multis
1169 2317 1371 2358 laudibus
1400 2317 1512 2358 hanc
1545 2331 1700 2373 prose-

206 2394 354 2450 quitur
373 2394 578 2451 Mappius
602 2411 608 2434 :
629 2410 746 2434 nunc
771 2394 885 2434 enim
916 2395 1323 2454 magnanimitatem
1340 2394 1458 2451 regis
1481 2393 1699 2440 extollit‘,

204 2485 319 2510 nunc
348 2469 598 2527 largitionis
627 2470 949 2511 beneficiorum
980 2487 1090 2527 quae
1119 2471 1162 2511 in
1192 2470 1392 2511 addictos
1421 2470 1506 2511 sibi
1535 2469 1700 2511 aulicos

203 2546 459 2588 effundebat
480 2549 507 2598 ⁵,
534 2548 743 2588 lectorem
775 2547 1003 2589 admonet:
1037 2548 1121 2588 alio
1146 2548 1240 2588 loco
1263 2548 1422 2604 probat
1443 2563 1540 2588 eum
1564 2546 1701 2596 fuisse

245 2677 273 2706 ’1.
295 2679 341 2706 De
359 2677 478 2717 Nngl's,
500 2688 535 2718 p.
559 2678 630 2707 227.

267 2748 273 2753 .
296 2724 397 2763 Ibid.,
416 2736 451 2765 p.
474 2725 546 2755 227.

268 2795 273 2800 .
294 2771 393 2806 Ιόιί].,
417 2783 451 2812 p.
470 2774 522 2802 60.

244 2820 274 2848 4.
293 2819 394 2855 Ibid.‚
419 2819 547 2859 Γ,196.

245 2868 273 2895 5.
296 2866 397 2905 Ibid.‚
422 2877 455 2906 p.
480 2868 529 2896 59.

244 2724 261 2799 0010
