1842 3288
260 264 319 293 206
761 267 812 292 DE
846 267 1072 294 WALTEMQ
1103 267 1260 294 MPmo

260 354 498 394 extinctum
535 370 541 392 :
580 353 710 408 hujus
750 352 864 392 enim
907 352 1063 409 gratia,
1103 360 1148 393 ut
1184 353 1314 395 nobis
1345 353 1522 413 quidem
1558 353 1746 405 videtur,

258 430 354 470 illas
398 429 583 479 fabulas,
625 445 731 486 quas
764 429 1014 485 hospitibus
1051 430 1138 469 suis
1181 430 1223 470 in
1256 430 1471 473 conviviis
1501 419 1760 474 wallenses*

258 507 509 551 narrabant,
558 515 679 547 tanto
721 522 867 547 amore
911 505 1036 555 sovit3
1078 522 1189 563 quae
1233 515 1335 547 sunt
1375 522 1474 548 vere
1515 507 1746 557 walliam,

258 583 615 641 singularemque
652 583 903 642 legentibus
946 583 1212 639 voluptatem
1254 582 1460 625 afferunt.
1498 585 1606 626 Nam
1640 584 1750 628 haec

256 677 354 701 vere
410 660 700 702 &Vallensium
755 661 900 716 poesis
956 669 1036 703 est,
1099 676 1177 700 nec
1236 660 1346 701 alius
1398 661 1567 718 populi.
1612 662 1746 708 Cum,

256 737 440 778 solutam
481 738 721 778 orationem
760 737 903 784 obliti,
945 738 1187 778 carminum
1233 737 1410 778 modum
1457 739 1745 796 usurpabunt,

254 814 519 871 egregiaque
546 814 654 854 sacta
679 814 871 853 virorum
894 823 1069 863 canent,
1096 823 1167 854 aut
1197 832 1215 851 «
1249 814 1434 855 outlaws
1462 832 1502 864 »‚
1534 823 1607 855 aut
1628 830 1746 871 prae-

254 891 380 947 cipue
422 908 439 927 «
490 889 758 930 Robinhood
806 907 848 939 »3
888 906 998 947 quae
1039 891 1183 931 onmia
1226 891 1416 947 posteris
1457 891 1617 932 tradita
1660 907 1745 932 non

253 968 478 1024 peribunt.

311 1045 397 1085 Nec
437 1053 584 1084 tamen
626 1043 712 1084 illis
754 1044 913 1085 sabulis
955 1045 1093 1085 solum
1130 1045 1286 1104 vulgus
1323 1045 1586 1092 delectatur.
1633 1048 1747 1087 (lau—

252 1121 324 1162 det
359 1130 399 1161 et
426 1121 709 1162 historiarum
743 1122 948 1178 scriptor,
982 1137 1078 1162 cum
1112 1122 1156 1162 in
1188 1122 1256 1162 his
1292 1130 1334 1162 et
1362 1122 1592 1165 NVallicam
1623 1122 1744 1165 Wal-

251 1198 350 1249 terii
397 1197 612 1256 originem
649 1207 873 1255 agnoscat,
915 1207 957 1239 et
992 1199 1258 1255 scriptorum
1295 1199 1469 1251 horum,
1513 1215 1622 1256 quae
1655 1201 1744 1256 jam

252 1275 504 1332 insequenti
534 1275 707 1316 saeculo
730 1274 967 1323 florebunt,
993 1275 1157 1316 fontem
1175 1277 1199 1316 ¹.
1222 1276 1434 1324 Inveniat,
1461 1276 1497 1333 sgi
1519 1276 1616 1333 quis
1638 1275 1746 1317 libe-

251 1353 341 1392 rius
384 1352 561 1408 quidem
604 1352 767 1409 scripta
807 1353 913 1393 haec
955 1352 1128 1409 legerit,
1168 1353 1210 1392 in
1255 1353 1368 1393 libro
1409 1353 1473 1393 De
1512 1353 1666 1410 Nugis,
1705 1362 1745 1393 et

252 1437 432 1470 naturae
480 1445 672 1470 amorem
713 1429 836 1470 illum
888 1429 1176 1488 singularem,
1227 1438 1268 1470 et
1310 1429 1503 1470 studium
1544 1429 1654 1480 illud
1699 1429 1741 1470 in

251 1505 419 1546 occulta
443 1522 658 1564 quaeque,
685 1522 869 1563 quorum
899 1506 1083 1563 vestigia
1108 1522 1194 1547 non
1225 1507 1268 1547 in
1297 1506 1543 1563 aequalium
1567 1507 1742 1563 scriptis

249 1583 447 1623 invenire
475 1584 616 1640 possit
647 1599 655 1623 t
682 1592 784 1624 sunt
817 1584 957 1639 prima
991 1583 1100 1624 haec
1135 1583 1297 1624 indicia
1333 1582 1530 1643 anglicae
1569 1583 1739 1629 littera-

247 1668 385 1700 turae.
435 1660 662 1700 Fatebitur
711 1660 880 1709 saltem,
917 1661 953 1700 si
1000 1660 1097 1717 quis
1140 1660 1279 1719 magis
1327 1669 1498 1701 acutam
1547 1668 1735 1701 mentem

248 1736 420 1786 habeat,
457 1753 584 1794 saepe
627 1739 670 1777 in
708 1737 912 1780 XValterii
944 1737 1111 1793 Mappii
1151 1737 1343 1794 scriptis,
1382 1737 1484 1778 dum
1526 1736 1736 1778 libentius

250 1814 504 1870 Scripturae
543 1830 586 1855 se
628 1814 896 1863 incubuisse,
935 1814 1078 1855 citatis
1114 1814 1263 1855 multis
1304 1814 1426 1862 locis,
1468 1813 1741 1854 demonstrat

246 1899 376 1947 atque
405 1891 636 1950 gloriatur,
669 1892 916 1932 animorum
943 1890 1222 1932 manifestum
1253 1908 1348 1932 esse
1380 1892 1497 1932 hunc
1527 1891 1738 1948 impetum

245 1980 330 2020 quo
379 1965 432 2005 acl
477 1965 739 2022 religionem
787 1965 1060 2013 serebantur,
1112 1967 1235 2022 cujus
1283 1974 1483 2006 auctores
1531 1973 1654 2014 sunt,
1698 1973 1739 2005 et

245 2041 509 2082 Guillelmus
550 2042 806 2100 Langland²
848 2044 922 2099 qui
956 2043 1149 2083 carmine
1189 2042 1387 2091 heroico,
1432 2050 1474 2083 et
1508 2041 1737 2084 VViclefius

243 2119 316 2177 qui
339 2119 665 2176 praedicatione
690 2119 994 2163 firmaverunt:
1022 2135 1101 2160 nec
1124 2119 1343 2160 firmatum
1367 2128 1511 2159 tamen
1536 2118 1737 2176 frangere

244 2211 328 2236 non
377 2205 558 2252 potuere
606 2196 890 2237 adversorum
941 2197 1111 2245 rabies,
1162 2197 1275 2254 rogi,
1332 2195 1512 2244 caedes:
1556 2195 1736 2236 finiente

245 2284 387 2316 autem
421 2277 574 2333 quinto
600 2277 770 2318 decimo
803 2276 976 2317 saeculo
1013 2277 1177 2318 scimus
1201 2276 1494 2317 ardentiorem
1529 2291 1575 2316 ac
1603 2275 1734 2316 vehe-

246 2353 503 2394 mentiorem
535 2354 745 2410 impetum
770 2354 891 2394 illum
917 2354 1074 2394 iterum
1101 2353 1210 2394 fieri.

301 2430 439 2480 Nunc,
484 2439 715 2487 postquam
762 2431 1025 2474 NValterium
1071 2430 1295 2487 Mappium
1343 2429 1600 2486 aequalibus
1646 2429 1734 2470 suis

243 2506 607 2563 comparavimus,
633 2516 835 2564 posteros
864 2508 992 2549 etiam
1024 2509 1116 2563 ejus
1148 2507 1325 2564 scriptis
1356 2507 1566 2547 formatos
1595 2506 1733 2547 inter-

244 2584 509 2641 rogavimus,
545 2586 634 2641 jam
682 2585 831 2625 nescio
884 2584 989 2640 quid
1037 2584 1333 2641 praestantius
1387 2592 1538 2625 auctor
1582 2591 1732 2624 noster

242 2660 388 2701 habet.
432 2662 521 2703 Nec
559 2661 673 2702 enim
710 2661 888 2702 Henrici
920 2661 1102 2702 secundi
1136 2661 1350 2702 obscurus
1388 2660 1616 2707 salutator,
1652 2674 1731 2700 nec

284 2772 312 2803 1.
332 2773 372 2808 Q.
396 2774 462 2804 J.J.
491 2773 696 2809 Jusscrand,
719 2773 863 2803 Histoire
885 2773 1049 2803 litte'mire
1071 2773 1115 2804 du
1138 2773 1258 2814 I'euple
1280 2772 1425 2815 anglais,
1448 2772 1474 2810 Ι,
1498 2782 1533 2812 p.
1552 2772 1622 2801 367.

245 2830 253 2837 ·
283 2820 311 2850 2.
335 2821 374 2856 Q.
396 2821 449 2851 JJ.
471 2821 675 2856 Jusserand,
696 2832 754 2861 op.
773 2821 831 2851 cit.
