1873 3329
521 308 571 332 ni:
606 308 813 333 wmffssnn
852 310 991 335 ›mi-1¹11
1029 311 1122 336 vlixi
1526 311 1562 340 ³7

83 393 258 434 nomine
278 392 431 434 Hilarii
456 393 582 434 unius
605 409 626 433 e
648 392 878 449 discipulis
902 396 1149 451 supposito,
1171 397 1552 440 condemnawerat.

433 507 530 551 Papa
554 517 697 544 sumus,
724 505 908 550 Paparuin
930 506 1064 548 gloria.

433 562 552 606 Papae
575 561 655 593 dari
680 572 749 593 non
772 568 828 593 ost
847 562 999 605 injuria:

432 618 523 651 Tort
544 631 563 650 a
585 617 647 662 qui
671 630 713 649 ne
735 617 785 649 lui
809 618 985 651 donnera.

434 675 532 718 Papa
554 680 686 718 captus
709 673 803 705 huni·
821 673 875 706 vel
900 673 994 706 hun(-
1017 675 1170 718 decipit.

434 731 532 775 Papa
554 730 643 775 quid
667 729 742 761 vult
768 730 801 761 in
818 729 953 762 lectum
983 731 1133 775 recipit:

431 786 529 832 Papa
556 786 695 818 nullum
720 786 775 818 vel
800 785 938 818 nullam
956 787 1112 830 excipit:

431 843 552 888 Papae
574 843 696 877 detur.
721 855 803 874 nam
830 842 926 886 Papa
945 843 1144 887 praecipit.

428 899 519 931 'sort
535 902 552 931 a
576 899 638 944 qui
655 911 698 931 ne
722 899 771 931 lui
792 899 979 931 ‹lonnera¹

75 1001 203 1042 Anno
238 999 364 1051 1147,
404 1000 555 1056 paucis
585 999 753 1040 scilieet
787 999 913 1040 annis
948 1008 1048 1040 ante
1082 1000 1284 1043 Waltz-rii
1313 1001 1560 1051 adventum,

76 1077 230 1118 horum
259 1077 454 1117 omnium
492 1076 745 1117 memoriam
783 1085 1067 1116 renovaverat
1100 1077 1343 1117 Concilium
1381 1078 1559 1119 Parisiis

76 1154 290 1196 indictum
309 1162 352 1194 ut
367 1153 558 1194 serretur
574 1153 790 1194 sententia
807 1153 860 1194 de
875 1153 1305 1206 Gilbe1·toP0rroe‹›,
1327 1155 1558 1196 haereseos

78 1231 332 1272 insimulato
358 1247 366 1271 ε
393 1230 581 1287 inclytus
622 1231 736 1271 enim
786 1231 1019 1286 episeopus
1068 1231 1353 1272 pictaviensis
1406 1231 1558 1272 eodem

79 1309 255 1349 nomine
293 1307 447 1349 iisdem
491 1316 719 1364 suspectus
761 1317 867 1349 erat.
910 1309 1005 1348 Non
1047 1324 1171 1348 secus
1212 1324 1258 1348 ac
1298 1309 1560 1358 Abelardus,

79 1394 262 1427 conatus
319 1393 412 1426 erat
472 1383 545 1425 ille
597 1384 832 1426 ostendere
882 1400 930 1425 ea
981 1400 1091 1442 quae
1152 1393 1254 1425 sunt
1313 1385 1561 1444 theologice

75 1478 174 1504 vera
220 1478 316 1503 esse
361 1471 403 1503 et
449 1470 570 1502 extra
612 1470 654 1502 et
699 1478 830 1519 supra
876 1463 1092 1503 humanae
1134 1462 1292 1503 mentis
1335 1462 1559 1503 facultates

75 1540 233 1597 posita,
276 1555 356 1580 nec
390 1554 519 1595 posse
553 1539 710 1598 attingi
747 1539 830 1579 nisi
871 1555 949 1595 per
989 1539 1234 1596 analogiam
1274 1547 1315 1580 et
1348 1539 1555 1596 quasdam

76 1617 310 1658 verborum
343 1616 549 1676 figuras².
582 1618 693 1657 Dum
723 1616 766 1656 in
791 1615 992 1658 Concilio
1016 1616 1255 1657 parisiensi
1285 1617 1489 1673 primum,
1514 1624 1556 1656 et

75 1709 188 1734 anno
220 1701 431 1751 sequente
453 1694 496 1734 in
527 1694 750 1741 Remeusi,
778 1694 862 1736 *eui
885 1694 1182 1734 interfuerunt
1210 1693 1410 1734 nonnulli
1433 1693 1557 1734 Pari-

74 1771 232 1812 siensis
267 1770 577 1813 Universitatis
611 1771 840 1819 Doctores,
875 1771 1012 1827 magis
1049 1771 1133 1828 ipsi
1167 1770 1390 1811 Abelardo
1425 1785 1552 1827 quam

74 1847 316 1905 propositis
357 1848 409 1888 ab
450 1863 500 1889 eo
535 1847 766 1888 sententiis
803 1847 979 1898 infensi,
1018 1857 1064 1889 ut
1096 1848 1289 1889 Adamus
1330 1847 1382 1888 (le
1416 1848 1555 1888 Parvo

70 1925 225 1976 Ponte,
248 1925 324 1982 qui
340 1924 480 1966 nostri
495 1925 708 1981 temporis
726 1924 893 1980 peritos
910 1925 1268 1981 hydraulieorum
1288 1939 1554 1981 organorum

69 2001 257 2043 artifices
285 2002 538 2052 antecessit,
564 2017 716 2042 saevus
738 2002 896 2042 Petrus
916 2002 1322 2059 Longobardensis,
1350 2002 1476 2059 Ilugo
1499 2000 1552 2041 de

69 2080 234 2136 Campo
257 2078 452 2129 Florido,
474 2079 591 2136 regis
613 2079 822 2120 Franciae
841 2079 1011 2120 futurus
1033 2079 1357 2133 cancellarius),
1382 2077 1553 2119 theolo-

66 2156 190 2214 gicae
213 2157 520 2197 contentiones
549 2172 599 2197 eo
625 2156 909 2213 pertinebant
944 2165 989 2197 ut
1024 2172 1176 2214 magna
1205 2171 1286 2196 vox
1320 2156 1363 2195 in
1394 2170 1553 2211 perpe-

66 2241 190 2273 tuum
221 2233 435 2274 exstincta
473 2233 599 2290 quasi
630 2233 926 2284 revivisceret,
952 2234 1172 2275 Robertus
1204 2232 1256 2273 de
1294 2231 1551 2279 Meloduno,

67 2309 238 2351 futurus
260 2310 494 2367 episcopus
524 2309 861 2351 Heresordensis
877 2312 906 2357 ³,
939 2311 1011 2368 qui
1044 2309 1286 2367 discipulos
1322 2309 1365 2349 in
1401 2308 1552 2349 schola

66 2389 277 2431 'l'hornam
305 2390 471 2431 Becket
493 2398 535 2430 et
563 2391 774 2431 Joannem
803 2391 1175 2431 Saresburensem
1204 2389 1371 2438 habuit,
1400 2387 1550 2444 plures

64 2468 208 2525 aliqua
230 2477 376 2509 tamen
405 2477 529 2526 parte
560 2477 746 2510 mutatas
768 2470 794 2519 ¹⁹,
827 2469 1035 2510 Abelarcli
1065 2468 1305 2509 sententias
1336 2467 1377 2507 in
1408 2467 1547 2506 lucem

102 2580 133 2610 1.
157 2580 310 2614 Lenient.
330 2583 376 2610 La
394 2580 500 2610 satire
520 2592 559 2610 en
584 2582 712 2610 France
736 2592 780 2610 αα
802 2592 919 2620 moyen
939 2583 1015 2622 (ige,
1036 2591 1072 2620 p.
1093 2583 1144 2610 30.

103 2628 132 2657 2.
155 2627 270 2663 Poole.
290 2639 342 2668 op.
371 2628 442 2664 cit„
464 2639 498 2668 p.
518 2628 577 2658 180
601 2632 633 2658 et
654 2628 724 2658 18].

102 2675 131 2705 3.
154 2674 232 2705 Fuit
257 2674 442 2715 episcopus
468 2675 581 2705 Heres.
601 2675 730 2705 electus
763 2686 852 2704 anno
875 2675 966 2710 1163,
988 2675 1071 2705 etin
1097 2674 1210 2705 Gallia
1234 2676 1468 2702 commoratus
1497 2675 1549 2700 est

61 2721 105 2752 ab
124 2721 204 2751 1130
227 2722 269 2751 ad
289 2722 379 2751 1160.
405 2721 488 2752 llis-l.
514 2722 549 2752 L.
572 2722 610 2752 T.
635 2723 674 2757 H,
696 2722 780 2752 xlv.

98 2770 129 2799 4.
158 2769 311 2799 Mai-tene
343 2773 376 2799 et
407 2769 560 2799 Durand.
594 2769 697 2799 Thes.
734 2769 819 2799 Nov.
848 2769 957 2799 Anad.
987 2772 1016 2803 Ξ),
1049 2770 1139 2798 11369.
1177 2769 1212 2797 Β.
1243 2768 1390 2797 Joannes
1423 2767 1552 2795 Cornu-

62 2815 194 2846 biensis
218 2815 321 2856 hujus
345 2816 554 2846 mentionem
578 2816 660 2846 facit
678 2816 711 2846 in
730 2826 874 2846 numero
902 2826 1021 2846 eorum
1050 2831 1061 2842 -
1085 2826 1170 2856 quos
1198 2815 1229 2844 in
1252 2814 1441 2854 Theologia
1464 2812 1549 2842 nihil

61 2862 263 2894 Lucretium
283 2862 442 2894 docuisse
459 2863 694 2894 certissimum
719 2867 772 2894 est
794 2878 820 2892 ι.
