1842 3288
264 345 303 375 74
756 348 806 372 DE
839 347 1062 373 WALTEMO
1096 346 1251 372 MAPPIO

266 436 402 492 magis
439 434 665 474 manifesta
699 433 843 472 onmia
882 432 1125 489 usurpandi
1160 432 1400 483 voluntate,
1432 441 1474 473 et
1505 432 1558 474 de
1590 434 1753 474 [amosa

258 512 455 568 judicum
491 526 769 551 romanorum
806 509 1078 565 corruptela:
1117 509 1169 549 de
1211 508 1381 549 luxuria
1422 509 1754 566 episcoporum,

264 589 338 645 qui
370 588 459 628 sere
489 588 650 642 ubique
685 586 878 626 feudales
916 595 1139 642 magnates
1169 586 1291 635 sacti,
1330 586 1625 642 pastoralibus
1663 587 1754 627 suis

266 664 615 720 inspectionibus
652 662 917 702 monasteria
952 671 994 703 et
1038 662 1246 703 ecclesias
1294 662 1658 714 exhauriebaut¹3
1703 662 1755 704 de

266 757 439 797 semper
461 748 738 781 accrescente
768 739 953 780 simonia
983 755 1091 796 quae
1122 755 1171 779 eo
1200 740 1417 796 pervenit,
1445 747 1489 780 ut
1518 740 1755 796 episcopus

268 816 525 858 Leodiensis
557 824 706 872 aperte
744 816 788 856 in
819 815 913 856 foro
950 815 1226 872 praebendas
1262 812 1480 857 dioecesis
1515 832 1615 857 suae
1650 831 1756 857 ven-

269 894 433 934 ‹leret².
466 893 542 933 Illa
578 909 746 932 morum
775 892 955 933 vulnera
985 892 1221 933 concilium
1252 909 1367 933 anno
1400 892 1511 934 1179
1539 893 1754 941 habitum,

270 970 338 1010 cui
361 970 509 1010 decem
541 970 629 1009 sere
660 969 858 1025 gentium
887 969 1020 1027 legati
1049 969 1343 1011 interfuerunt
1377 970 1652 1027 aliquatenus
1693 986 1760 1011 sa-

272 1063 373 1088 nare
420 1045 625 1096 tentavit3
665 1062 856 1086 canones
896 1047 984 1087 sive
1025 1046 1200 1087 decreta
1231 1047 1390 1106 viginti
1424 1055 1593 1104 septem
1633 1047 1677 1088 in
1713 1063 1762 1088 eo

271 1125 387 1180 Papa
419 1123 730 1181 promulgavit,
768 1123 822 1163 ad
857 1122 1075 1163 finiendas
1104 1123 1382 1164 conditiones
1412 1124 1571 1180 quibus
1604 1123 1761 1165 electio

271 1199 535 1257 pontificalis
559 1208 651 1241 rata
680 1216 727 1240 ac
756 1199 879 1240 firma
910 1200 1113 1240 habenda
1137 1209 1269 1249 essct,
1298 1200 1352 1240 ad
1380 1200 1758 1257 comprimendam

270 1278 564 1335 praelatorum
613 1277 844 1325 luxuriam,
889 1285 931 1318 et
978 1277 1256 1318 statuendam
1301 1286 1487 1318 aetatem
1531 1293 1613 1334 qua
1656 1277 1762 1337 eligi

271 1363 471 1412 possent3
499 1355 551 1395 ad
573 1354 897 1394 confirmandas
929 1355 1084 1394 iterum
1114 1363 1267 1394 eontra
1297 1354 1528 1395 simoniam
1560 1355 1763 1411 prohibi-

270 1434 414 1474 tiones
460 1440 590 1489 atque
631 1432 684 1472 de
724 1431 983 1472 clericorum
1025 1431 1242 1472 coelibatu
1285 1431 1421 1490 leges.
1470 1432 1673 1488 Denique
1718 1440 1763 1472 ut

272 1511 453 1567 (lignum
495 1510 625 1550 linem
666 1509 849 1549 haberet
886 1508 995 1548 illud
1033 1508 1287 1559 concilium,
1322 1507 1584 1565 disciplinae
1621 1508 1762 1549 eccle-

273 1589 473 1629 siasticae
523 1602 632 1643 opus
686 1585 815 1626 simul
865 1594 907 1626 et
952 1585 1071 1642 pacis
1118 1585 1364 1634 universae,
1416 1585 1666 1626 Alexander
1707 1586 1765 1627 III

274 1664 647 1722 praescriptiones
700 1662 752 1703 de
793 1662 952 1702 divinis
1000 1661 1190 1703 induciis
1242 1662 1574 1720 redintegravit.
1623 1664 1671 1703 In
1714 1679 1765 1704 eo

273 1751 417 1783 autem
455 1740 758 1782 illustrissimo
793 1748 919 1779 coetu
952 1755 1061 1795 quae
1104 1739 1281 1780 suerunt
1311 1740 1384 1782 W.
1422 1739 1588 1796 Mappii
1620 1748 1769 1797 partes

274 1820 528 1877 ambigitur.
566 1819 721 1860 Utrum
769 1832 880 1857 unus
923 1816 1004 1856 fuit
1050 1816 1166 1856 inter
1204 1816 1405 1873 publicos
1446 1816 1609 1874 anglici
1647 1817 1766 1876 regis

274 1897 458 1953 legatos,
493 1912 545 1936 an
580 1903 732 1936 contra
770 1895 883 1934 inter
917 1893 1016 1933 illos
1050 1893 1248 1934 occultos
1284 1893 1511 1934 ministros
1542 1893 1616 1951 qni
1642 1895 1768 1950 jussu

274 1977 368 2030 ejus
398 1988 621 2014 romanam
644 1971 809 2012 curiam
839 1970 1096 2027 implebant,
1123 1970 1240 2011 unde
1272 1970 1378 2012 haec
1409 1986 1492 2011 vox
1516 1971 1567 2011 ab
1591 1971 1766 2028 anglico

276 2053 406 2108 hujus
427 2050 641 2108 temporis
673 2050 844 2090 edicta:
880 2067 899 2088 ((
931 2048 1147 2089 Dominus
1177 2057 1328 2089 noster
1350 2049 1516 2105 Papam
1548 2057 1591 2090 et
1618 2064 1770 2090 omnes

277 2129 533 2171 Cardinales
557 2129 689 2168 habet
711 2128 753 2167 in
784 2128 915 2167 bursa
939 2142 1031 2166 sua.
1060 2126 1269 2183 Adeoque
1300 2126 1532 2185 gloriatur,
1559 2135 1604 2167 ut
1626 2126 1771 2182 palam

279 2207 395 2247 <licat
417 2221 593 2247 senune
616 2205 710 2245 oevi
733 2205 800 2245 sui
822 2211 1107 2244 consecutum
1137 2203 1436 2260 privilegium,
1464 2203 1565 2260 quia
1588 2203 1632 2244 in
1655 2212 1773 2245 terra

281 2300 354 2324 sua
399 2292 491 2323 erat
537 2298 628 2332 rex,
670 2282 841 2339 legatus
884 2280 1171 2337 apostolicus,
1204 2274 1487 2337 patriarcha,
1531 2280 1772 2337 imperator

281 2369 322 2400 et
351 2360 495 2400 omnia
518 2375 628 2415 quae
651 2359 825 2400 volebat
844 2358 888 2399 ³?
915 2375 936 2397 ))

341 2438 540 2488 Quonam
585 2452 686 2476 vero
732 2435 867 2476 animi
903 2433 1062 2475 affectu
1101 2434 1236 2478 XValt.
1279 2434 1482 2491 Mappius
1521 2435 1637 2476 inter
1676 2435 1772 2476 illas

281 2513 622 2554 deliberationes
659 2521 903 2553 commotus
944 2511 1106 2552 fuerit?
1138 2512 1293 2552 Utrum
1336 2519 1507 2567 partem
1541 2512 1695 2553 habuit
1728 2512 1771 2553 in

280 2598 497 2631 concentu
551 2589 728 2629 laudum
778 2590 937 2646 quibus
983 2589 1179 2629 intentus
1224 2588 1455 2629 universus
1501 2589 1773 2629 christianus

279 2667 398 2708 orbis
428 2666 616 2708 Concilii
639 2666 814 2707 decreta
837 2666 1027 2723 excepit,
1054 2666 1172 2722 quod
1195 2674 1296 2722 post
1324 2666 1545 2707 saeculum
1575 2666 1772 2722 elapsum

323 2774 351 2803 41.
381 2773 430 2802 Ad
456 2772 683 2813 inspectionis
707 2772 918 2812 episcopalis
948 2776 1108 2812 sumptus
1137 2771 1415 2812 suppeditandos
1440 2772 1646 2813 quandoque
1672 2772 1776 2802 etiam

283 2831 369 2850 vasa
385 2831 483 2850 sacra
501 2831 580 2850 aere
599 2824 731 2849 mutata
754 2821 858 2850 suere.

324 2868 353 2899 2.
376 2867 440 2898 Cit.
462 2868 556 2908 apud
573 2867 749 2908 Rocquain
771 2880 802 2899 o.
821 2867 891 2904 cit.,
912 2872 936 2897 t.
956 2867 980 2906 1,
1002 2877 1038 2907 p.
1062 2868 1133 2896 304.

325 2916 354 2945 3.
376 2916 500 2947 Joann.
521 2915 654 2945 Sarisb.
675 2914 777 2955 epist.
803 2915 874 2951 239,
902 2914 946 2944 ad
967 2914 1075 2955 episc.
1105 2914 1234 2945 Pictav.
