1842 3288
219 329 278 359 182
714 333 766 359 DE
800 333 1021 360 WALTERIO
1056 334 1212 360 MAPPIO

221 419 325 461 anni
364 418 474 459 1154
515 418 699 475 prolata.
745 420 798 459 Hi
846 428 947 460 sunt
992 419 1184 460 Adamus
1225 436 1245 460 a
1285 422 1423 463 Parvo
1469 424 1631 474 Ponte,
1671 431 1714 464 et

221 496 442 536 Robertus
465 495 804 536 Melodunensis
821 498 847 536 ¹.

280 573 478 629 Abrupte
521 573 593 615 W.
637 573 844 629 Mappius
891 589 911 613 a
959 589 1112 613 somno
1153 574 1366 615 excitatur
1405 576 1717 633 somniumque

224 648 353 690 finem
376 649 522 690 habet.

283 726 335 766 Hi
356 741 509 766 versus
526 734 628 767 sunt
650 726 766 767 inter
789 727 972 767 maxime
991 727 1210 783 jucundas
1233 729 1304 770 W.
1323 729 1492 785 Mappii
1513 730 1712 787 paginas,

223 811 314 843 tum
368 802 612 844 litterarum
664 812 773 852 arte,
823 812 915 844 tum
969 804 1145 844 indiciis
1198 804 1424 846 historicis
1476 805 1711 862 pollentes.

224 881 340 921 Haec
380 880 466 921 duo
506 889 705 936 poemata
742 881 864 937 quasi
905 897 1116 921 summam
1158 881 1355 922 referunt
1394 882 1557 923 laboris
1599 883 1715 924 fruc-

222 957 339 997 tuosi
364 956 572 997 exantlati
604 973 625 997 a
654 957 759 998 viris
788 958 942 998 aetatis
973 959 1117 1014 hujus.
1147 958 1247 1011 Qui,
1274 959 1318 999 in
1349 959 1498 1001 silenti
1518 959 1716 1002 conclavi

223 1033 451 1091 degentes,
484 1042 526 1074 et
554 1050 701 1074 coram
729 1034 890 1091 pagina
919 1034 1060 1075 adhuc
1083 1035 1180 1076 alba
1210 1036 1430 1084 sedentes,
1455 1036 1584 1078 obliti
1615 1045 1717 1078 sunt

225 1110 318 1151 dies
339 1119 638 1162 transeuntes,
669 1127 826 1168 resque
849 1112 1050 1152 caducas.

284 1188 476 1245 Paginae
499 1188 712 1229 mentium
735 1189 1064 1229 renovationem
1089 1189 1250 1230 saeculi
1273 1189 1523 1232 duodecimi
1551 1191 1714 1232 cursim

226 1264 546 1315 describentes,
581 1264 791 1306 desinunt
818 1265 861 1306 in
891 1266 1092 1306 acerbam
1123 1275 1274 1307 contra
1303 1267 1540 1308 monachos
1575 1267 1718 1309 insec-

226 1341 438 1382 tationem
465 1359 472 1382 :

464 1437 565 1469 Grex
588 1443 643 1470 est
672 1436 731 1469 hic
760 1437 963 1482 nequitiae.
989 1449 1079 1482 grex
1101 1438 1339 1482 perditionis,

461 1493 605 1537 Impius
620 1500 654 1526 et
677 1493 868 1537 pessimus
887 1493 1021 1526 haeres
1045 1493 1266 1533 Pharaonis,

464 1549 597 1593 Specie
614 1549 779 1582 exterius
803 1550 894 1582 dans
916 1549 1134 1594 religioni&

464 1605 537 1637 Sed
561 1605 690 1638 subest
715 1605 920 1638 scintillula
944 1606 1249 1651 superstitionis;

464 1687 595 1721 Gentis
617 1700 708 1732 gens
728 1689 946 1734 quisquilia,
971 1701 1061 1734 gens
1084 1689 1173 1722 hacc
1195 1690 1387 1733 infrunita,

465 1744 582 1788 Cujus
605 1751 663 1777 est
683 1745 870 1789 cupiditas
892 1746 1026 1778 mentis
1049 1746 1191 1779 infinita
1207 1747 1261 1780 ἓ...

288 1854 495 1895 Lucidius
543 1855 780 1896 monstrari
819 1871 1098 1912 nequaquam
1138 1864 1311 1912 poterat
1357 1857 1439 1898 ista
1485 1856 1719 1915 religiosae

230 1931 556 1972 reformationis
603 1941 875 1973 tentamenta
924 1933 1119 1973 omnium
1168 1934 1379 1974 mentium
1433 1933 1722 1991 propensioni

230 2008 363 2049 fuisse
405 2009 555 2049 stricte
596 2011 847 2066 conjuncta,
892 2019 1023 2066 atque
1070 2011 1114 2050 in
1153 2010 1309 2051 mediis
1348 2011 1720 2052 Universitatibus

232 2094 374 2127 ortum
403 2087 590 2143 cepisse.

292 2165 340 2204 ln
386 2180 472 2204 uno
513 2173 763 2221 poematum
806 2181 1007 2215 suorum,
1057 2165 1172 2206 inter
1217 2174 1361 2206 cetera
1408 2165 1593 2206 maxime
1636 2165 1722 2207 cla-

234 2256 398 2291 rorum,
442 2242 511 2281 cui
554 2242 746 2298 poemati
790 2241 945 2282 titulus
988 2241 1141 2283 Goliae
1181 2245 1373 2298 episcopi
1408 2242 1719 2299 Apoealypsis,

232 2318 305 2361 W.
334 2318 539 2374 Mappius
567 2319 657 2359 acri
679 2318 889 2377 allegoria
916 2318 1107 2360 breviter
1139 2318 1391 2375 complexus
1423 2327 1491 2360 est
1517 2319 1721 2376 querelas

236 2410 385 2435 eorum
426 2394 499 2451 qui
540 2395 750 2453 religioso
788 2396 932 2436 animo
973 2412 1057 2436 una
1099 2404 1142 2436 et
1180 2395 1390 2452 prudenti
1421 2404 1561 2437 erant.
1597 2396 1725 2448 Quod

234 2487 390 2528 poema
413 2472 661 2512 summatim
684 2472 850 2513 referre
874 2472 978 2513 satis
1001 2473 1101 2522 erit,
1127 2471 1324 2514 suffectis
1345 2481 1489 2513 tamen
1513 2473 1557 2513 in
1581 2472 1725 2513 locum

234 2564 518 2589 censurarum
570 2549 700 2590 nimis
759 2550 1080 2600 communium,
1131 2558 1203 2590 aut
1251 2549 1382 2590 nimis
1435 2548 1725 2607 peculiarium

233 2625 411 2682 judiciis
435 2626 572 2684 magis
595 2627 814 2683 expressis
843 2642 891 2667 ac
912 2626 1087 2678 vividis,
1111 2642 1221 2683 quae
1250 2643 1301 2667 ex
1329 2627 1427 2668 aliis
1449 2626 1728 2683 poematibus

237 2702 497 2760 depromere
534 2704 578 2745 in
609 2712 817 2760 promptu
854 2712 942 2755 est,
981 2712 1025 2744 ut
1064 2703 1220 2744 lectori
1266 2703 1549 2745 ostendamus
1585 2718 1729 2744 veram

281 2841 309 2871 1.
331 2843 503 2880 poemata,
526 2853 561 2882 p.
587 2843 637 2872 29.

279 2889 309 2919 2.
332 2889 431 2921 lbid..
456 2900 490 2929 p.
514 2891 563 2920 30.
