1842 3288
189 242 254 271 12—
678 249 726 273 ΒΕ
760 250 983 275 WALTEnio
1019 249 1175 276 ΜΑΡΡΙΟ

191 332 430 388 piratione;
457 331 614 373 frustra
644 332 833 390 denique
864 335 1012 391 plures
1035 334 1244 375 Franciae
1274 336 1609 377 communitates
1633 335 1703 378 ut?

191 409 312 449 novis
336 408 863 466 nominibus(C(1J)z'l011l.s·,
885 411 1083 462 Consuls,
1106 412 1254 459 Jure's,
1273 411 1501 467 Eehevins)
1524 428 1676 453 novam
1705 442 1707 445 -

196 484 590 526 administrationis
614 486 795 528 sormam
818 488 1085 547 insignirent
1109 496 1547 538 curaverunt3totum
1570 489 1677 531 illud

194 561 352 601 sociale
379 570 597 602 tentamen
622 578 708 603 non
733 565 942 613 obtinuit,
974 565 1017 605 in
1039 581 1084 605 re
1112 564 1302 621 publica,
1329 565 1390 605 uti
1414 566 1678 622 sperandum

193 647 300 687 erat,
331 638 514 679 effeetus
548 656 672 681 verae
703 641 908 682 novitatis
941 642 1163 698 politicae.
1196 641 1676 691 Ecclesia‘damnante,

193 715 468 772 principibus
494 732 540 757 ac
560 716 745 758 ducibus
768 718 1067 768 obstantibus,
1088 719 1195 759 istae
1219 719 1554 759 communitates
1571 735 1679 775 quas

194 793 284 832 Rex
312 792 553 833 identidem
583 793 759 834 fallebat
788 803 830 834 et
859 795 1103 844 fraudabat,
1130 811 1276 836 semen
1307 804 1525 836 mortuum
1556 811 1679 852 spar-

192 885 303 919 sere,
328 885 408 910 nec
439 869 553 910 serio
579 870 796 911 libertatis
831 887 979 912 auram
1011 880 1187 929 captare
1215 880 1510 912 tentaverunt.
1537 873 1706 913 Inter-1

194 946 333 987 media
362 946 532 995 classis,
558 963 668 1003 quae
696 948 836 1004 prima
863 957 968 989 tune
999 950 1211 1005 temporis
1239 950 1494 1006 apparebat,
1526 967 1546 988 «
1580 949 1680 990 nul—

192 1023 275 1063 lam
317 1040 438 1080 spem
479 1024 650 1065 futurae
684 1024 953 1065 conditionis
988 1025 1147 1076 alebat,
1186 1026 1347 1082 quippe
1383 1042 1491 1083 quae
1533 1026 1678 1066 minus

193 1100 373 1159 aggredi
402 1117 530 1157 quam
559 1100 767 1142 resistere
791 1110 1025 1161 satageret.
1066 1120 1086 1141 »

252 1195 272 1215 «
316 1179 416 1218 Jura
449 1179 648 1235 ignorata
684 1194 770 1218 non
808 1179 1074 1235 postulabat,
1107 1178 1183 1219 sed
1218 1179 1441 1220 servitutis
1479 1179 1673 1220 levamen

193 1270 278 1311 quo
314 1255 774 1313 maximeindigebat.
813 1256 1078 1296 Commercii
1109 1255 1352 1308 laboribus,
1392 1272 1479 1297 non
1521 1256 1680 1297 litteris

194 1331 356 1384 dedita,
378 1332 658 1374 securitatem
685 1341 899 1390 appetens
922 1349 1010 1373 non
1032 1332 1280 1373 libertatem
1305 1342 1377 1373 aut
1398 1341 1679 1390 potestatem,

194 1425 287 1450 sese
311 1409 481 1450 felicem
498 1410 760 1465 ,existimans
790 1410 825 1451 si
854 1426 987 1451 onera
1016 1426 1148 1466 supra
1177 1409 1353 1451 modum
1383 1409 1529 1468 gravia
1558 1425 1680 1450 excu-

193 1495 321 1535 teret,
371 1487 478 1527 haec
526 1486 787 1528 intermedia
824 1487 977 1544 populi
1018 1488 1164 1544 portio
1204 1487 1335 1528 vitam
1376 1486 1707 1527 tantummodo,

194 1564 379 1620 rogabat
410 1580 540 1620 quam
579 1563 788 1605 obtinuit.
827 1565 1019 1620 Tempus
1061 1572 1102 1604 et
1140 1572 1290 1604 eventa
1339 1563 1681 1620 expectabantur

196 1649 240 1698 ut
262 1640 484 1682 desideria
507 1641 717 1682 satiarent
736 1647 761 1682 ¹.
791 1659 812 1681 »

253 1717 483 1770 Quomodo
518 1717 624 1758 alias
658 1718 760 1759 huie
798 1719 970 1777 ingenti
997 1719 1152 1759 turbae
1183 1718 1267 1758 vita
1295 1717 1477 1774 politica
1506 1716 1680 1758 infundi

193 1795 417 1845 valuisset,
443 1794 618 1851 quando
647 1795 791 1835 unitas
814 1795 1011 1836 nondum
1034 1795 1236 1835 homines
1265 1794 1512 1835 coadunare
1534 1793 1681 1835 value-

193 1881 274 1920 rat,
295 1871 469 1928 quando
492 1871 675 1928 insuper
697 1872 858 1929 regalis
881 1872 1137 1922 auctoritas,
1157 1871 1211 1912 ad
1235 1872 1463 1912 minimum
1482 1871 1679 1921 reducta,

193 1957 360 2005 partem
384 1948 577 1989 infimam
599 1949 809 1989 Franciae
832 1949 1054 1989 tuebatur.
1082 1948 1416 2004 Expectandum
1450 1957 1515 1988 est
1542 1948 1681 1989 donec

193 2026 427 2083 Philippus
450 2025 673 2084 Augustus
696 2035 737 2066 et
760 2026 994 2083 Philippus
1016 2025 1205 2066 Pulcher
1229 2025 1524 2085 gubernacula
1550 2025 1681 2066 susci-

194 2104 330 2160 piant,
363 2102 638 2160 bdlumssque
674 2103 959 2160 protrahatur
990 2119 1068 2158 per
1105 2111 1281 2143 centum
1316 2118 1469 2151 annos,
1510 2102 1545 2142 si
1579 2101 1683 2142 velit
1722 2136 1725 2138 .

194 2180 378 2221 Francia
402 2179 598 2221 ediscere
628 2180 848 2237 quodnam
885 2180 941 2220 sit
964 2179 1299 2238 gubernationis
1329 2179 1692 2229 fundamentum„

195 2272 281 2313 quo
309 2265 483 2298 constet
510 2258 676 2313 patriae
699 2258 913 2298 conditio.

253 2334 349 2375 Non
371 2335 506 2393 igitur
527 2335 613 2375 vita
641 2335 822 2391 politica
844 2334 1040 2375 nondum
1063 2335 1296 2383 exsistens,
1328 2350 1416 2375 non
1446 2334 1683 2376 auctoritas

195 2427 397 2468 suprema
432 2427 543 2468 quae
571 2413 709 2453 instar
741 2413 1064 2469 phantasmatis
1094 2412 1356 2462 habebatur,
1400 2427 1487 2452 non
1518 2412 1682 2467 pariter

195 2489 560 2530 communitatum
590 2489 798 2546 impulsio
827 2505 937 2546 quae
972 2497 1092 2530 extra
1122 2489 1353 2529 Franciam
1381 2489 1489 2529 inita
1523 2504 1682 2529 onnem

196 2566 398 2622 Europae
427 2566 743 2607 occidentalem
767 2575 936 2622 partem
960 2566 1140 2624 agitavit
1169 2575 1212 2606 et
1237 2567 1278 2606 in
1310 2565 1470 2624 Anglia
1498 2565 1703 2606 maxime.

197 2643 348 2684 molita
388 2642 486 2693 suit,
524 2659 611 2684 non
654 2644 734 2684 ista
769 2644 930 2692 omnia,
968 2643 1256 2701 regnantibus
1296 2643 1517 2684 Ludovico
1541 2643 1617 2685 .V*I.
1642 2650 1685 2683 et

242 2816 266 2845 l.
294 2816 592 2852 Prevot-Paradol,
617 2817 699 2846 Hz'si.
721 2816 822 2851 anim,
849 2816 891 2853 11,
908 2827 942 2856 p.
966 2816 1035 2846 159.
