1873 3329
533 377 583 402 DE
617 377 826 402 waeuxriznii
865 377 1007 401 ΜΑΡΡΙΙ
1043 376 1138 401 vtTA
1538 373 1576 401 73

89 465 335 512 desertore,
393 462 533 518 qualis
589 462 834 502 delineatus
891 462 1165 517 conspicitur
1231 462 1271 501 in
1333 461 1495 501 chartis
1555 478 1573 501 a

91 543 141 582 Ι).
174 540 384 581 Luchairv
415 548 530 580 tanta
567 538 889 595 perseverantia
927 538 1152 594 congestis
1185 546 1314 594 atquc·
1350 538 1504 578 mirum
1535 538 1575 578 in

90 617 263 658 modum
289 616 476 673 digestis
495 617 519 655 ¹.

147 694 274 735 'santi
307 693 440 733 studii
469 709 489 732 a
521 693 591 734 W.
624 691 802 747 Mappio
834 691 1021 746 impensi
1059 690 1101 731 in
1133 691 1432 747 exprimendis
1469 692 1579 732 fietis

88 771 311 812 coloribus
342 770 421 810 ista
451 768 663 826 pugnacis
699 768 859 824 equitis
895 767 1081 824 efligies,
1113 783 1242 807 causa
1274 783 1359 807 non
1398 767 1480 808 alia
1515 777 1580 809 est

87 863 214 904 quam
257 846 373 904 quod
408 846 442 886 is
475 844 607 885 semel
646 844 769 884 sortis
811 843 947 883 sactus
985 852 1026 884 et
1060 859 1318 903 generosus,
1354 845 1578 900 Optimum

88 924 347 980 Magistrum
375 922 556 963 adversa
584 920 758 962 fortuna
788 921 1054 979 exagitatum
1088 929 1203 961 tecto
1237 922 1418 978 recepit.
1457 923 1580 962 'sem-

88 1016 193 1057 pore
217 999 332 1040 enim
355 1014 442 1056 quo
470 1014 567 1039 cum
592 997 776 1047 Adamo,
804 998 1188 1054 Sancti-Dionysii
1219 998 1374 1038 abbate
1397 1007 1579 1038 conten-

88 1076 217 1117 debat
257 1075 524 1124 Abelardus,
563 1075 631 1115 cui
667 1074 832 1131 judicis
872 1074 1082 1115 secularis
1127 1075 1330 1115 saevitiae
1377 1075 1578 1116 immine-

87 1154 209 1204 bant,
238 1153 280 1193 in
311 1153 462 1195 urbem
497 1152 719 1193 Provisem
752 1152 948 1208 confugit
987 1151 1039 1192 ad
1065 1152 1328 1208 Campaniae
1352 1153 1574 1193 comitem.

87 1230 188 1283 Qui,
231 1245 364 1287 opera
403 1228 680 1286 interposita,
721 1228 989 1285 colloquium
1030 1228 1145 1268 inter
1185 1227 1504 1285 philosophum
1537 1238 1580 1269 et

91 1305 466 1363 Sancti-Dionysii
494 1305 696 1346 abbatem
718 1305 901 1362 paravit,
929 1305 1004 1345 sed
1029 1305 1211 1355 frustra3
1244 1305 1437 1345 Adamus
1462 1305 1575 1345 enim

86 1382 353 1424 Abelardum
379 1381 870 1438 Sanctum—Dionysium
894 1381 1039 1422 redire
1063 1382 1210 1438 jussit,
1242 1382 1327 1438 ipsi
1349 1382 1575 1438 ipsiusque

87 1459 250 1516 hospiti
299 1460 486 1500 minatus
533 1458 1072 1500 excommunicationem².
1123 1460 1273 1515 Itaque
1320 1458 1394 1498 illa
1435 1458 1578 1499 Theo-

86 1536 205 1576 baldi
238 1537 293 1577 lV
324 1535 492 1595 effigies
517 1544 604 1577 tam
633 1544 830 1576 amanter
860 1552 881 1576 a
904 1536 977 1578 W.
1008 1535 1187 1592 Mappio
1215 1535 1405 1592 depicta,
1437 1535 1576 1576 novis-

88 1613 247 1653 simum
278 1621 344 1653 est
365 1614 458 1670 ejus
481 1613 523 1653 in
552 1612 821 1653 Abelardum
852 1612 986 1653 studii
1013 1611 1399 1669 venerationisque
1422 1628 1577 1653 monu-

90 1698 300 1730 mentum.

145 1766 275 1822 Apud
296 1767 559 1824 Campaniae
589 1766 794 1806 comitem
823 1765 898 1807 diu
928 1774 1239 1813 commoratus,
1270 1767 1342 1809 W.
1373 1766 1576 1822 Mappius

86 1843 269 1884 Romam
292 1843 436 1900 petiit.
458 1844 504 1883 In
530 1842 754 1884 Ecclesiae
776 1842 1008 1883 annalibus
1032 1858 1132 1883 sane
1157 1843 1320 1883 eminet
1340 1842 1577 1883 concilium

88 1921 397 1970 Latere-nense,
430 1920 574 1978 gravis
616 1919 828 1960 momenti
856 1928 989 1960 aetas.
1021 1919 1270 1960 Alexander
1304 1920 1362 1960 Ill
1401 1919 1576 1976 utrique

87 1997 318 2039 certamini
345 2005 496 2038 contra
520 1997 793 2039 Fridericum
825 2007 867 2039 et
888 1999 1125 2039 Henricum
1156 1999 1192 2039 ΙΙ
1215 2000 1422 2064 suseeptf
1448 1998 1577 2039 finem

86 2075 266 2116 victoria
289 2074 560 2131 imposuerat
584 2091 592 2114 :
619 2075 780 2116 etenim
802 2075 873 2116 vix
894 2075 1121 2116 biennium
1153 2065 1392 2116 effluxerat=
1411 2091 1462 2116 ex
1491 2092 1576 2132 quo

86 2151 341 2193 Fridericus
360 2151 558 2193 Venetiis
581 2168 728 2193 coram
751 2153 869 2209 Papa
898 2152 1149 2209 superbiam
1174 2153 1430 2209 posuerat⁸;
1460 2154 1577 2193 Hen—

89 2228 204 2269 ricus
227 2237 388 2276 autem,
413 2244 488 2269 sex
509 2237 608 2270 ante
638 2229 782 2277 annis,
808 2229 930 2270 humi
954 2238 1132 2277 stratus,
1158 2229 1304 2270 cilicio
1333 2229 1513 2270 indutus
1536 2239 1577 2270 et

88 2322 108 2346 a
131 2305 338 2362 praelatis
365 2306 621 2347 verberatus
650 2306 842 2346 Thomae
874 2307 1036 2347 Becket
1065 2306 1316 2363 sepulcrum
1344 2315 1575 2347 veneratus

88 2383 222 2423 erat‘.
255 2382 321 2423 Illi
354 2398 456 2423 vero
488 2382 701 2439 triumphi
734 2391 798 2423 tot
827 2391 869 2423 et
896 2383 1030 2424 tantis
1065 2383 1380 2424 certaminibus
1415 2385 1572 2440 parati,

88 2459 219 2500 rimas
248 2459 417 2516 papalis
445 2460 677 2516 potestatis
703 2459 862 2501 molem
892 2459 1086 2517 undique
1119 2460 1433 2501 labefactantes
1462 2460 1574 2500 mal(-

88 2535 304 2577 velabant.
345 2536 549 2593 Undique
596 2536 791 2593 pericula
828 2544 922 2577 orta
954 2545 1079 2577 erant
1120 2553 1127 2576 :
1168 2537 1417 2578 schismatis
1454 2546 1575 2578 tanto

89 2612 237 2654 labore
258 2613 492 2670 compositi
515 2629 825 2690 rep'ereussu53
851 2614 894 2654 in
919 2622 1113 2655 sanctam
1139 2613 1297 2655 Sedem
1323 2617 1509 2670 majores
1533 2616 1575 2655 in

89 2689 182 2730 dies
211 2690 432 2747 querelae,
457 2698 500 2731 et
522 2690 779 2761 eaq'quidem
806 2691 1094 2746 justissimae,
1120 2690 1173 2731 de
1204 2692 1345 2748 Papae
1368 2691 1506 2749 magis
1529 2707 1577 2732 ac

129 2797 158 2827 1.
178 2796 357 2831 Luchairc.
376 2796 476 2825 Louc's
505 2798 553 2832 Vl,
580 2797 630 2834 51,
652 2797 700 2832 72,
728 2797 798 2832 108,
822 2797 892 2833 114,
916 2797 986 2833 117,
1009 2797 1081 2835 121,
1100 2801 1164 2827 etc.

128 2844 157 2874 2.
180 2844 291 2884 Epist.
313 2843 488 2881 Abelardi,
510 2844 548 2873 H.
572 2844 623 2881 F.‚
646 2843 729 2879 XIV,
753 2844 830 2881 2903
853 2844 1028 2879 Re'musat,
1050 2844 1214 2883 Abe‘laml,
1238 2845 1261 2880 Ι,
1288 2845 1358 2879 102,
1384 2845 1452 2874 103.

129 2891 159 2968 ἓξ
181 2891 272 2969 333:
