<?xml version="1.0" encoding="UTF-8"?>
<!DOCTYPE html PUBLIC "-//W3C//DTD XHTML 1.0 Transitional//EN"
    "http://www.w3.org/TR/xhtml1/DTD/xhtml1-transitional.dtd">
<html xmlns="http://www.w3.org/1999/xhtml" xml:lang="en" lang="en">
 <head>
  <title>
</title>
<meta http-equiv="Content-Type" content="text/html;charset=utf-8" />
  <meta name='ocr-system' content='tesseract 3.04.00' />
  <meta name='ocr-capabilities' content='ocr_page ocr_carea ocr_par ocr_line ocrx_word'/>
</head>
<body>
  <div class='ocr_page' id='page_1' title='image "./dewalteriomappio00barduoft_0184.png"; bbox 0 0 1842 3288; ppageno 0'>
   <div class='ocr_carea' id='block_1_1' title="bbox 207 332 1199 363">
    <p class='ocr_par' dir='ltr' id='par_1_1' title="bbox 207 332 1199 363">
     <span class='ocr_line' id='line_1_1' title="bbox 207 332 1199 363; baseline -0.007 0"><span class='ocrx_word' id='word_1_1' title='bbox 207 334 265 363; x_wconf 83' lang='lat'>168</span> <span class='ocrx_word' id='word_1_2' title='bbox 703 334 751 358; x_wconf 83' lang='grc' dir='ltr'>1)Ιῖ</span> <span class='ocrx_word' id='word_1_3' title='bbox 789 332 1008 357; x_wconf 61' lang='lat' dir='ltr'>WAIJrERIO</span> <span class='ocrx_word' id='word_1_4' title='bbox 1044 332 1199 357; x_wconf 79' lang='lat' dir='ltr'>MAPPlo</span> 
     </span>
    </p>
   </div>
   <div class='ocr_carea' id='block_1_2' title="bbox 203 417 1708 2018">
    <p class='ocr_par' dir='ltr' id='par_1_2' title="bbox 203 417 1708 2018">
     <span class='ocr_line' id='line_1_2' title="bbox 207 417 1699 480; baseline -0.001 -17"><span class='ocrx_word' id='word_1_5' title='bbox 207 422 463 480; x_wconf 75' lang='lat' dir='ltr'>praecidere</span> <span class='ocrx_word' id='word_1_6' title='bbox 490 419 853 467; x_wconf 73' lang='lat' dir='ltr'>controversiam,</span> <span class='ocrx_word' id='word_1_7' title='bbox 879 433 965 457; x_wconf 90' lang='lat' dir='ltr'>non</span> <span class='ocrx_word' id='word_1_8' title='bbox 989 418 1090 457; x_wconf 79' lang='lat' dir='ltr'>vero</span> <span class='ocrx_word' id='word_1_9' title='bbox 1112 432 1181 456; x_wconf 85' lang='lat' dir='ltr'>rcs</span> <span class='ocrx_word' id='word_1_10' title='bbox 1206 417 1401 475; x_wconf 77' lang='lat' dir='ltr'>singulas</span> <span class='ocrx_word' id='word_1_11' title='bbox 1423 419 1699 476; x_wconf 79' lang='lat' dir='ltr'>perpendere</span> 
     </span>
     <span class='ocr_line' id='line_1_3' title="bbox 207 493 1698 551; baseline -0.001 -11"><span class='ocrx_word' id='word_1_12' title='bbox 207 499 335 540; x_wconf 84' lang='lat' dir='ltr'>nobis</span> <span class='ocrx_word' id='word_1_13' title='bbox 372 513 493 538; x_wconf 85' lang='lat' dir='ltr'>mens</span> <span class='ocrx_word' id='word_1_14' title='bbox 525 496 619 543; x_wconf 83' lang='lat' dir='ltr'>fuit,</span> <span class='ocrx_word' id='word_1_15' title='bbox 654 504 698 536; x_wconf 85' lang='lat' dir='ltr'>ut</span> <span class='ocrx_word' id='word_1_16' title='bbox 732 503 940 551; x_wconf 78' lang='lat' dir='ltr'>appareat</span> <span class='ocrx_word' id='word_1_17' title='bbox 975 502 1186 551; x_wconf 83' lang='lat' dir='ltr'>quantum</span> <span class='ocrx_word' id='word_1_18' title='bbox 1223 493 1522 551; x_wconf 77' lang='lat' dir='ltr'>intelligamus</span> <span class='ocrx_word' id='word_1_19' title='bbox 1556 505 1698 538; x_wconf 83' lang='lat' dir='ltr'>tantas</span> 
     </span>
     <span class='ocr_line' id='line_1_4' title="bbox 208 571 1695 627; baseline -0.002 -10"><span class='ocrx_word' id='word_1_20' title='bbox 208 578 321 617; x_wconf 83' lang='lat' dir='ltr'>inter</span> <span class='ocrx_word' id='word_1_21' title='bbox 369 574 522 614; x_wconf 76' lang='lat' dir='ltr'>doctos</span> <span class='ocrx_word' id='word_1_22' title='bbox 568 573 683 613; x_wconf 82' lang='lat' dir='ltr'>viros</span> <span class='ocrx_word' id='word_1_23' title='bbox 728 571 828 612; x_wconf 84' lang='lat' dir='ltr'>lites</span> <span class='ocrx_word' id='word_1_24' title='bbox 878 586 1144 627; x_wconf 75' lang='lat' dir='ltr'>componere</span> <span class='ocrx_word' id='word_1_25' title='bbox 1194 586 1279 610; x_wconf 90' lang='lat' dir='ltr'>non</span> <span class='ocrx_word' id='word_1_26' title='bbox 1333 587 1428 611; x_wconf 86' lang='lat' dir='ltr'>csse</span> <span class='ocrx_word' id='word_1_27' title='bbox 1474 582 1695 614; x_wconf 86' lang='lat' dir='ltr'>nostrum.</span> 
     </span>
     <span class='ocr_line' id='line_1_5' title="bbox 204 648 1699 707; baseline -0.001 -14"><span class='ocrx_word' id='word_1_28' title='bbox 204 653 355 694; x_wconf 86' lang='lat' dir='ltr'>Visum</span> <span class='ocrx_word' id='word_1_29' title='bbox 392 659 455 691; x_wconf 80' lang='lat' dir='ltr'>cst</span> <span class='ocrx_word' id='word_1_30' title='bbox 490 659 635 690; x_wconf 82' lang='lat' dir='ltr'>tamen</span> <span class='ocrx_word' id='word_1_31' title='bbox 668 657 821 689; x_wconf 85' lang='lat' dir='ltr'>notare</span> <span class='ocrx_word' id='word_1_32' title='bbox 851 648 1024 688; x_wconf 81' lang='lat' dir='ltr'>cuinam</span> <span class='ocrx_word' id='word_1_33' title='bbox 1057 648 1335 703; x_wconf 83' lang='lat' dir='ltr'>potissimum</span> <span class='ocrx_word' id='word_1_34' title='bbox 1364 649 1563 704; x_wconf 89' lang='lat' dir='ltr'>opinioni</span> <span class='ocrx_word' id='word_1_35' title='bbox 1600 659 1699 707; x_wconf 83' lang='lat' dir='ltr'>apte</span> 
     </span>
     <span class='ocr_line' id='line_1_6' title="bbox 208 724 1698 783; baseline -0.001 -14"><span class='ocrx_word' id='word_1_36' title='bbox 208 729 473 769; x_wconf 74' lang='lat' dir='ltr'>cohaereant</span> <span class='ocrx_word' id='word_1_37' title='bbox 501 744 548 767; x_wconf 77' lang='lat' dir='ltr'>ca</span> <span class='ocrx_word' id='word_1_38' title='bbox 579 742 688 783; x_wconf 90' lang='lat' dir='ltr'>quae</span> <span class='ocrx_word' id='word_1_39' title='bbox 718 741 768 766; x_wconf 87' lang='lat' dir='ltr'>ex</span> <span class='ocrx_word' id='word_1_40' title='bbox 797 724 1108 782; x_wconf 81' lang='lat' dir='ltr'>disquisitione</span> <span class='ocrx_word' id='word_1_41' title='bbox 1144 724 1196 764; x_wconf 88' lang='lat' dir='ltr'>de</span> <span class='ocrx_word' id='word_1_42' title='bbox 1224 724 1325 772; x_wconf 77' lang='lat' dir='ltr'>vita,</span> <span class='ocrx_word' id='word_1_43' title='bbox 1357 724 1411 765; x_wconf 87' lang='lat' dir='ltr'>de</span> <span class='ocrx_word' id='word_1_44' title='bbox 1448 725 1610 774; x_wconf 82' lang='lat' dir='ltr'>indole,</span> <span class='ocrx_word' id='word_1_45' title='bbox 1646 726 1698 767; x_wconf 83' lang='lat' dir='ltr'>dc</span> 
     </span>
     <span class='ocr_line' id='line_1_7' title="bbox 207 800 1696 862; baseline -0.002 -15"><span class='ocrx_word' id='word_1_46' title='bbox 207 806 304 862; x_wconf 88' lang='lat' dir='ltr'>ipso</span> <span class='ocrx_word' id='word_1_47' title='bbox 320 804 489 861; x_wconf 79' lang='lat' dir='ltr'>Mappii</span> <span class='ocrx_word' id='word_1_48' title='bbox 506 804 620 844; x_wconf 85' lang='lat' dir='ltr'>libro</span> <span class='ocrx_word' id='word_1_49' title='bbox 643 801 894 859; x_wconf 74' lang='lat' dir='ltr'>colligenda</span> <span class='ocrx_word' id='word_1_50' title='bbox 913 800 1132 841; x_wconf 80' lang='lat' dir='ltr'>duximus.</span> <span class='ocrx_word' id='word_1_51' title='bbox 1155 803 1393 842; x_wconf 55' lang='lat' dir='ltr'>limunctae</span> <span class='ocrx_word' id='word_1_52' title='bbox 1417 803 1696 851; x_wconf 78' lang='lat' dir='ltr'>narishomo,</span> 
     </span>
     <span class='ocr_line' id='line_1_8' title="bbox 208 878 1699 937; baseline -0.001 -14"><span class='ocrx_word' id='word_1_53' title='bbox 208 883 412 923; x_wconf 89' lang='lat' dir='ltr'>omnibus</span> <span class='ocrx_word' id='word_1_54' title='bbox 448 897 549 921; x_wconf 89' lang='lat' dir='ltr'>suae</span> <span class='ocrx_word' id='word_1_55' title='bbox 579 879 732 920; x_wconf 84' lang='lat' dir='ltr'>aetatis</span> <span class='ocrx_word' id='word_1_56' title='bbox 768 878 1018 934; x_wconf 83' lang='lat' dir='ltr'>disciplinis</span> <span class='ocrx_word' id='word_1_57' title='bbox 1053 878 1267 927; x_wconf 79' lang='lat' dir='ltr'>excultus,</span> <span class='ocrx_word' id='word_1_58' title='bbox 1305 879 1497 934; x_wconf 86' lang='lat' dir='ltr'>cujusvis</span> <span class='ocrx_word' id='word_1_59' title='bbox 1525 879 1699 937; x_wconf 83' lang='lat' dir='ltr'>linguae</span> 
     </span>
     <span class='ocr_line' id='line_1_9' title="bbox 208 954 1702 1016; baseline -0.002 -16"><span class='ocrx_word' id='word_1_60' title='bbox 208 961 392 1016; x_wconf 85' lang='lat' dir='ltr'>peritus,</span> <span class='ocrx_word' id='word_1_61' title='bbox 432 959 474 998; x_wconf 91' lang='lat' dir='ltr'>in</span> <span class='ocrx_word' id='word_1_62' title='bbox 515 957 667 997; x_wconf 80' lang='lat' dir='ltr'>cadem</span> <span class='ocrx_word' id='word_1_63' title='bbox 706 971 955 1012; x_wconf 83' lang='lat' dir='ltr'>propensus</span> <span class='ocrx_word' id='word_1_64' title='bbox 995 954 1037 994; x_wconf 89' lang='lat' dir='ltr'>in</span> <span class='ocrx_word' id='word_1_65' title='bbox 1075 971 1184 1012; x_wconf 80' lang='lat' dir='ltr'>quae</span> <span class='ocrx_word' id='word_1_66' title='bbox 1232 955 1506 996; x_wconf 80' lang='lat' dir='ltr'>inclinabant</span> <span class='ocrx_word' id='word_1_67' title='bbox 1541 971 1702 1014; x_wconf 82' lang='lat' dir='ltr'>aequa-</span> 
     </span>
     <span class='ocr_line' id='line_1_10' title="bbox 208 1031 1701 1093; baseline -0.001 -17"><span class='ocrx_word' id='word_1_68' title='bbox 208 1037 312 1077; x_wconf 85' lang='lat' dir='ltr'>lium</span> <span class='ocrx_word' id='word_1_69' title='bbox 347 1035 503 1078; x_wconf 69' lang='lat' dir='ltr'>animiz</span> <span class='ocrx_word' id='word_1_70' title='bbox 541 1032 1060 1093; x_wconf 78' lang='lat' dir='ltr'>Anglo-Normannicam</span> <span class='ocrx_word' id='word_1_71' title='bbox 1096 1031 1237 1072; x_wconf 88' lang='lat' dir='ltr'>aulam</span> <span class='ocrx_word' id='word_1_72' title='bbox 1279 1031 1412 1073; x_wconf 76' lang='lat' dir='ltr'>divite</span> <span class='ocrx_word' id='word_1_73' title='bbox 1451 1048 1577 1081; x_wconf 84' lang='lat' dir='ltr'>vena,</span> <span class='ocrx_word' id='word_1_74' title='bbox 1612 1035 1701 1075; x_wconf 82' lang='lat' dir='ltr'>acri</span> 
     </span>
     <span class='ocr_line' id='line_1_11' title="bbox 208 1108 1702 1170; baseline -0.001 -17"><span class='ocrx_word' id='word_1_75' title='bbox 208 1113 386 1170; x_wconf 76' lang='lat' dir='ltr'>ingenio</span> <span class='ocrx_word' id='word_1_76' title='bbox 411 1111 633 1152; x_wconf 82' lang='lat' dir='ltr'>deliniens</span> <span class='ocrx_word' id='word_1_77' title='bbox 654 1129 662 1160; x_wconf 70' lang='grc' dir='ltr'><strong>ς</strong></span> <span class='ocrx_word' id='word_1_78' title='bbox 689 1110 892 1167; x_wconf 84' lang='lat' dir='ltr'>pluribus</span> <span class='ocrx_word' id='word_1_79' title='bbox 911 1108 1138 1149; x_wconf 85' lang='lat' dir='ltr'>districtus</span> <span class='ocrx_word' id='word_1_80' title='bbox 1165 1109 1296 1156; x_wconf 78' lang='lat' dir='ltr'>curis,</span> <span class='ocrx_word' id='word_1_81' title='bbox 1325 1109 1462 1167; x_wconf 80' lang='lat' dir='ltr'>magis</span> <span class='ocrx_word' id='word_1_82' title='bbox 1485 1111 1702 1167; x_wconf 86' lang='lat' dir='ltr'>exquisito</span> 
     </span>
     <span class='ocr_line' id='line_1_12' title="bbox 203 1185 1702 1246; baseline -0.002 -15"><span class='ocrx_word' id='word_1_83' title='bbox 203 1190 370 1246; x_wconf 78' lang='lat' dir='ltr'>judicio</span> <span class='ocrx_word' id='word_1_84' title='bbox 387 1190 636 1230; x_wconf 85' lang='lat' dir='ltr'>litterarum</span> <span class='ocrx_word' id='word_1_85' title='bbox 654 1196 781 1228; x_wconf 89' lang='lat' dir='ltr'>utens</span> <span class='ocrx_word' id='word_1_86' title='bbox 805 1203 935 1244; x_wconf 85' lang='lat' dir='ltr'>quam</span> <span class='ocrx_word' id='word_1_87' title='bbox 960 1195 1005 1226; x_wconf 87' lang='lat' dir='ltr'>ut</span> <span class='ocrx_word' id='word_1_88' title='bbox 1034 1185 1178 1243; x_wconf 80' lang='lat' dir='ltr'>longis</span> <span class='ocrx_word' id='word_1_89' title='bbox 1203 1187 1532 1227; x_wconf 80' lang='lat' dir='ltr'>narrationibus</span> <span class='ocrx_word' id='word_1_90' title='bbox 1553 1187 1702 1228; x_wconf 90' lang='lat' dir='ltr'>immo-</span> 
     </span>
     <span class='ocr_line' id='line_1_13' title="bbox 209 1263 1703 1322; baseline -0.001 -14"><span class='ocrx_word' id='word_1_91' title='bbox 209 1276 396 1318; x_wconf 58' lang='lat' dir='ltr'>raretur,</span> <span class='ocrx_word' id='word_1_92' title='bbox 429 1267 471 1306; x_wconf 89' lang='lat' dir='ltr'>in</span> <span class='ocrx_word' id='word_1_93' title='bbox 499 1281 632 1322; x_wconf 84' lang='lat' dir='ltr'>opere</span> <span class='ocrx_word' id='word_1_94' title='bbox 663 1273 780 1306; x_wconf 86' lang='lat' dir='ltr'>certe</span> <span class='ocrx_word' id='word_1_95' title='bbox 804 1263 975 1313; x_wconf 82' lang='lat' dir='ltr'>mutilo,</span> <span class='ocrx_word' id='word_1_96' title='bbox 1001 1263 1119 1319; x_wconf 85' lang='lat' dir='ltr'>quod</span> <span class='ocrx_word' id='word_1_97' title='bbox 1143 1279 1230 1303; x_wconf 88' lang='lat' dir='ltr'>non</span> <span class='ocrx_word' id='word_1_98' title='bbox 1257 1271 1323 1303; x_wconf 84' lang='lat' dir='ltr'>est</span> <span class='ocrx_word' id='word_1_99' title='bbox 1353 1281 1373 1301; x_wconf 79' lang='grc' dir='ltr'>α</span> <span class='ocrx_word' id='word_1_100' title='bbox 1398 1264 1627 1306; x_wconf 72' lang='lat' dir='ltr'>&#39;l&#39;ractatu&#39;s</span> <span class='ocrx_word' id='word_1_101' title='bbox 1651 1264 1703 1306; x_wconf 84' lang='lat' dir='ltr'>de</span> 
     </span>
     <span class='ocr_line' id='line_1_14' title="bbox 211 1339 1703 1401; baseline -0.003 -15"><span class='ocrx_word' id='word_1_102' title='bbox 211 1344 502 1401; x_wconf 74' lang='lat' dir='ltr'>Dogmatibus</span> <span class='ocrx_word' id='word_1_103' title='bbox 539 1360 558 1381; x_wconf 84' lang='lat'>›&gt;</span> <span class='ocrx_word' id='word_1_104' title='bbox 598 1342 731 1382; x_wconf 85' lang='lat' dir='ltr'>nimia</span> <span class='ocrx_word' id='word_1_105' title='bbox 775 1340 975 1382; x_wconf 85' lang='lat' dir='ltr'>doctrina</span> <span class='ocrx_word' id='word_1_106' title='bbox 1018 1339 1243 1388; x_wconf 79' lang='lat' dir='ltr'>horridus,</span> <span class='ocrx_word' id='word_1_107' title='bbox 1288 1348 1333 1380; x_wconf 79' lang='lat' dir='ltr'>ut</span> <span class='ocrx_word' id='word_1_108' title='bbox 1372 1340 1484 1381; x_wconf 85' lang='lat' dir='ltr'>liber</span> <span class='ocrx_word' id='word_1_109' title='bbox 1524 1342 1703 1382; x_wconf 84' lang='lat' dir='ltr'>Joannis</span> 
     </span>
     <span class='ocr_line' id='line_1_15' title="bbox 212 1417 1702 1476; baseline -0.001 -14"><span class='ocrx_word' id='word_1_110' title='bbox 212 1420 568 1467; x_wconf 71' lang='lat' dir='ltr'>Sareslmrensis‚</span> <span class='ocrx_word' id='word_1_111' title='bbox 595 1419 791 1476; x_wconf 87' lang='lat' dir='ltr'>quinque</span> <span class='ocrx_word' id='word_1_112' title='bbox 821 1417 1185 1458; x_wconf 69' lang='lat' dir='ltr'>I)1&#39;slim⁴ti0nilms</span> <span class='ocrx_word' id='word_1_113' title='bbox 1207 1425 1249 1456; x_wconf 91' lang='lat' dir='ltr'>et</span> <span class='ocrx_word' id='word_1_114' title='bbox 1272 1432 1341 1457; x_wconf 80' lang='lat' dir='ltr'>res</span> <span class='ocrx_word' id='word_1_115' title='bbox 1364 1418 1571 1474; x_wconf 83' lang='lat' dir='ltr'>propriae</span> <span class='ocrx_word' id='word_1_116' title='bbox 1592 1419 1702 1460; x_wconf 89' lang='lat' dir='ltr'>vitae</span> 
     </span>
     <span class='ocr_line' id='line_1_16' title="bbox 212 1493 1704 1553; baseline -0.001 -15"><span class='ocrx_word' id='word_1_117' title='bbox 212 1497 516 1539; x_wconf 83' lang='lat' dir='ltr'>memorabiles</span> <span class='ocrx_word' id='word_1_118' title='bbox 541 1505 583 1536; x_wconf 88' lang='lat' dir='ltr'>et</span> <span class='ocrx_word' id='word_1_119' title='bbox 600 1496 769 1553; x_wconf 75' lang='lat' dir='ltr'>ingenii</span> <span class='ocrx_word' id='word_1_120' title='bbox 791 1494 921 1535; x_wconf 85' lang='lat' dir='ltr'>ludos</span> <span class='ocrx_word' id='word_1_121' title='bbox 943 1493 1170 1550; x_wconf 81' lang='lat' dir='ltr'>explicuit.</span> <span class='ocrx_word' id='word_1_122' title='bbox 1192 1494 1255 1533; x_wconf 84' lang='lat' dir='ltr'>Ex</span> <span class='ocrx_word' id='word_1_123' title='bbox 1277 1494 1344 1534; x_wconf 92' lang='lat' dir='ltr'>his</span> <span class='ocrx_word' id='word_1_124' title='bbox 1362 1495 1704 1537; x_wconf 80' lang='lat' dir='ltr'>narratiunculis</span> 
     </span>
     <span class='ocr_line' id='line_1_17' title="bbox 210 1570 1701 1630; baseline -0.001 -15"><span class='ocrx_word' id='word_1_125' title='bbox 210 1574 465 1624; x_wconf 75' lang='lat' dir='ltr'>nonnullae,</span> <span class='ocrx_word' id='word_1_126' title='bbox 498 1589 747 1630; x_wconf 83' lang='lat' dir='ltr'>quanquam</span> <span class='ocrx_word' id='word_1_127' title='bbox 786 1571 949 1613; x_wconf 76' lang='lat' dir='ltr'>diversi</span> <span class='ocrx_word' id='word_1_128' title='bbox 980 1570 1175 1630; x_wconf 82' lang='lat' dir='ltr'>generiS,</span> <span class='ocrx_word' id='word_1_129' title='bbox 1203 1570 1255 1610; x_wconf 86' lang='lat' dir='ltr'>ad</span> <span class='ocrx_word' id='word_1_130' title='bbox 1282 1586 1360 1611; x_wconf 93' lang='lat' dir='ltr'>nos</span> <span class='ocrx_word' id='word_1_131' title='bbox 1390 1582 1701 1628; x_wconf 76' lang='lat' dir='ltr'>pervenerunt,</span> 
     </span>
     <span class='ocr_line' id='line_1_18' title="bbox 210 1647 1704 1709; baseline -0.001 -16"><span class='ocrx_word' id='word_1_132' title='bbox 210 1668 394 1709; x_wconf 85' lang='lat' dir='ltr'>quarum</span> <span class='ocrx_word' id='word_1_133' title='bbox 424 1667 508 1691; x_wconf 90' lang='lat' dir='ltr'>una</span> <span class='ocrx_word' id='word_1_134' title='bbox 537 1650 711 1691; x_wconf 88' lang='lat' dir='ltr'>titulum</span> <span class='ocrx_word' id='word_1_135' title='bbox 733 1651 866 1690; x_wconf 69' lang='lat' dir='ltr'>habet</span> <span class='ocrx_word' id='word_1_136' title='bbox 889 1647 1091 1704; x_wconf 76' lang='lat' dir='ltr'>Epistola</span> <span class='ocrx_word' id='word_1_137' title='bbox 1114 1647 1176 1688; x_wconf 81' lang='lat' dir='ltr'>ad</span> <span class='ocrx_word' id='word_1_138' title='bbox 1205 1648 1431 1689; x_wconf 63' lang='lat' dir='ltr'>Valerium</span> <span class='ocrx_word' id='word_1_139' title='bbox 1452 1649 1504 1689; x_wconf 79' lang='lat' dir='ltr'>de</span> <span class='ocrx_word' id='word_1_140' title='bbox 1519 1652 1704 1708; x_wconf 71' lang='lat' dir='ltr'>conjuge</span> 
     </span>
     <span class='ocr_line' id='line_1_19' title="bbox 210 1724 1706 1784; baseline 0 -15"><span class='ocrx_word' id='word_1_141' title='bbox 210 1746 295 1770; x_wconf 74' lang='lat' dir='ltr'>non</span> <span class='ocrx_word' id='word_1_142' title='bbox 335 1728 554 1777; x_wconf 73' lang='lat' dir='ltr'>duc-enda,</span> <span class='ocrx_word' id='word_1_143' title='bbox 592 1727 700 1768; x_wconf 78' lang='lat' dir='ltr'>aliae</span> <span class='ocrx_word' id='word_1_144' title='bbox 750 1734 957 1768; x_wconf 84' lang='lat' dir='ltr'>constant</span> <span class='ocrx_word' id='word_1_145' title='bbox 1003 1741 1024 1765; x_wconf 79' lang='lat' dir='ltr'>e</span> <span class='ocrx_word' id='word_1_146' title='bbox 1070 1724 1333 1782; x_wconf 86' lang='lat' dir='ltr'>quibusdam</span> <span class='ocrx_word' id='word_1_147' title='bbox 1374 1725 1482 1767; x_wconf 87' lang='lat' dir='ltr'>locis</span> <span class='ocrx_word' id='word_1_148' title='bbox 1525 1744 1545 1766; x_wconf 87' lang='lat'>«</span> <span class='ocrx_word' id='word_1_149' title='bbox 1584 1727 1706 1784; x_wconf 62' lang='lat' dir='ltr'>Cycli</span> 
     </span>
     <span class='ocr_line' id='line_1_20' title="bbox 211 1802 1708 1859; baseline -0.001 -12"><span class='ocrx_word' id='word_1_150' title='bbox 211 1806 516 1847; x_wconf 69' lang='lat' dir='ltr'>Arthuriensis</span> <span class='ocrx_word' id='word_1_151' title='bbox 554 1823 590 1845; x_wconf 85' lang='lat'>».</span> <span class='ocrx_word' id='word_1_152' title='bbox 635 1805 750 1845; x_wconf 86' lang='lat' dir='ltr'>Haec</span> <span class='ocrx_word' id='word_1_153' title='bbox 789 1813 933 1845; x_wconf 79' lang='lat' dir='ltr'>autem</span> <span class='ocrx_word' id='word_1_154' title='bbox 974 1811 1050 1843; x_wconf 85' lang='lat' dir='ltr'>aut</span> <span class='ocrx_word' id='word_1_155' title='bbox 1088 1802 1336 1859; x_wconf 85' lang='lat' dir='ltr'>aequalium</span> <span class='ocrx_word' id='word_1_156' title='bbox 1379 1811 1452 1844; x_wconf 90' lang='lat' dir='ltr'>aut</span> <span class='ocrx_word' id='word_1_157' title='bbox 1485 1804 1708 1845; x_wconf 79' lang='lat' dir='ltr'>inferioris</span> 
     </span>
     <span class='ocr_line' id='line_1_21' title="bbox 211 1879 1707 1938; baseline -0.001 -14"><span class='ocrx_word' id='word_1_158' title='bbox 211 1884 364 1925; x_wconf 87' lang='lat' dir='ltr'>aetatis</span> <span class='ocrx_word' id='word_1_159' title='bbox 415 1883 682 1938; x_wconf 85' lang='lat' dir='ltr'>scriptorum</span> <span class='ocrx_word' id='word_1_160' title='bbox 726 1898 828 1923; x_wconf 87' lang='lat' dir='ltr'>cura</span> <span class='ocrx_word' id='word_1_161' title='bbox 876 1891 918 1922; x_wconf 82' lang='lat' dir='ltr'>et</span> <span class='ocrx_word' id='word_1_162' title='bbox 966 1879 1111 1921; x_wconf 87' lang='lat' dir='ltr'>studio</span> <span class='ocrx_word' id='word_1_163' title='bbox 1162 1889 1491 1929; x_wconf 85' lang='lat' dir='ltr'>succreverunt,</span> <span class='ocrx_word' id='word_1_164' title='bbox 1541 1897 1707 1922; x_wconf 86' lang='lat' dir='ltr'>memo-</span> 
     </span>
     <span class='ocr_line' id='line_1_22' title="bbox 213 1956 1707 2018; baseline -0.001 -17"><span class='ocrx_word' id='word_1_165' title='bbox 213 1961 409 2018; x_wconf 83' lang='lat' dir='ltr'>riamque</span> <span class='ocrx_word' id='word_1_166' title='bbox 427 1961 582 2000; x_wconf 67' lang='lat' dir='ltr'>Sanc-ti</span> <span class='ocrx_word' id='word_1_167' title='bbox 597 1959 760 2000; x_wconf 75' lang='lat' dir='ltr'>Graalz&#39;</span> <span class='ocrx_word' id='word_1_168' title='bbox 779 1968 821 2000; x_wconf 77' lang='lat' dir='ltr'>et</span> <span class='ocrx_word' id='word_1_169' title='bbox 837 1957 1082 1999; x_wconf 77' lang='lat' dir='ltr'>Laneelloti</span> <span class='ocrx_word' id='word_1_170' title='bbox 1102 1957 1155 1998; x_wconf 80' lang='lat' dir='ltr'>de</span> <span class='ocrx_word' id='word_1_171' title='bbox 1176 1957 1297 1997; x_wconf 70' lang='lat' dir='ltr'>Lacu</span> <span class='ocrx_word' id='word_1_172' title='bbox 1316 1956 1514 1999; x_wconf 85' lang='lat' dir='ltr'>fecerunt</span> <span class='ocrx_word' id='word_1_173' title='bbox 1536 1959 1707 2000; x_wconf 87' lang='lat' dir='ltr'>immor-</span> 
     </span>
    </p>
   </div>
   <div class='ocr_carea' id='block_1_3' title="bbox 212 2038 359 2079">
    <p class='ocr_par' dir='ltr' id='par_1_3' title="bbox 212 2038 359 2079">
     <span class='ocr_line' id='line_1_23' title="bbox 212 2038 359 2079; baseline -0.014 0"><span class='ocrx_word' id='word_1_174' title='bbox 212 2038 359 2079; x_wconf 86' lang='lat' dir='ltr'>talem.</span> 
     </span>
    </p>
   </div>
  </div>
 </body>
</html>
