1842 3288
275 237 292 265 4
774 238 824 262 DE
858 237 1082 262 WALTEMO
1118 237 1274 262 MAPPIO

277 325 559 367 ecclesiarum
588 323 794 379 capitulis
824 322 1111 363 docebantur.
1138 323 1346 363 Extremo
1374 330 1434 363 xi⁰
1463 324 1635 365 saeculo
1660 325 1767 367 doc-

278 403 451 444 trinalis
480 401 552 441 ille
581 401 702 441 focus
732 408 824 440 erat
847 399 890 439 in
912 399 1231 456 capitularibus
1253 408 1295 439 et
1317 400 1573 441 monasticis
1601 402 1765 443 scholis

281 481 321 520 in
360 480 450 535 ripa
493 477 663 537 Ligeris
699 476 1037 533 septentrionali
1073 476 1183 517 sitis.
1225 476 1479 517 Aristotelis
1522 479 1699 537 Logica‚
1742 494 1763 519 a

278 556 431 597 Boetio
460 554 688 605 translata,
718 553 1050 594 fundamentum
1082 553 1161 594 suit
1188 553 1320 609 hujus
1346 553 1624 611 disciplinae,
1652 571 1763 612 quae

280 634 318 673 in
345 632 557 673 Beceensi
582 639 624 672 et
651 631 933 672 Laudunensi
957 631 1253 680 monasteriis,
1286 631 1328 670 in
1358 631 1692 672 'l'uronensibus
1720 641 1762 673 et

276 709 671 768 Andegavensibus
707 707 869 748 scholis
901 707 1234 764 capitularibus,
1266 707 1576 759 Lansrancum‚
1607 708 1768 750 Ansel-

279 803 394 827 mum
430 802 476 827 ac
510 775 827 843 Berengarium
852 784 1116 824 illustravit.
1156 785 1396 841 Postquam
1434 801 1538 825 vero
1573 785 1767 842 impulsu

278 864 352 904 illo
391 862 690 920 negotiatorio
717 861 948 902 feudorum
978 861 1086 901 fines
1117 862 1276 918 partim
1307 860 1478 903 effracti
1507 871 1625 912 sunt,
1651 878 1768 903 com-

283 941 442 981 mercia
477 940 615 980 marris
656 940 699 979 in
725 947 944 995 promptu
979 938 1105 986 sacta,
1139 947 1443 995 mercatusque
1479 940 1630 989 creati,
1661 948 1768 981 tunc

549 975 573 999 ξ)

265 1018 417 1075 tepidi
453 1017 516 1058 illi
557 1016 784 1057 doctrinae
820 1015 1067 1056 'mediaevae
1100 1014 1200 1065 foci,
1235 1015 1330 1056 luce
1371 997 1501 1067 elara'
1524 1016 1765 1057 fulserunt.

281 1095 433 1135 Totam
469 1093 654 1135 Galliam
687 1102 807 1134 extra
835 1092 1027 1150 Ligerim
1062 1087 1419 1149 Septentrionem
1446 1109 1598 1134 versus
1622 1094 1768 1142 sitam,

264 1174 458 1213 incunte
483 1171 656 1211 saeculo
677 1176 771 1220 xn⁰‚
798 1170 910 1210 seria
940 1169 1151 1209 mentium
1181 1170 1360 1227 agitatio
1388 1171 1637 1211 commovit.
1666 1171 1772 1212 Inde

266 1249 543 1291 Parisiensis
570 1247 842 1289 Universitas
878 1255 1032 1287 natura
1065 1255 1106 1287 et
1141 1256 1305 1303 sponte,
1330 1255 1429 1287 nata
1464 1257 1546 1289 est.
1573 1248 1771 1290 Instituit

282 1343 374 1367 eam
398 1325 515 1366 nulla
545 1333 763 1382 potestas3
788 1325 932 1381 Papae
961 1333 1004 1364 et
1031 1339 1156 1381 reges
1180 1340 1272 1364 eam
1303 1324 1472 1365 scilicet
1498 1325 1627 1365 tutati
1649 1333 1766 1374 sunt,

235 1424 246 1430 ”
282 1420 368 1444 non
416 1401 726 1444 condiderunt.
770 1401 1033 1442 Parisiensis
1072 1401 1186 1441 enim
1233 1401 1506 1442 Universitas
1554 1418 1575 1440 (t
1624 1410 1767 1443 ortum

281 1480 435 1521 habuit
468 1496 519 1519 cx
550 1478 739 1519 naturali
774 1478 848 1518 illo
889 1477 1111 1518 desiderio
1150 1478 1266 1519 viros
1303 1478 1514 1519 scientiae
1548 1477 1770 1519 studiosos

267 1556 536 1613 >impellente
577 1555 630 1596 ad
676 1563 867 1595 mutuam
910 1554 1307 1602 conversationem,
1342 1563 1385 1595 et
1427 1553 1669 1595 constituta
1709 1563 1775 1595 est

281 1634 433 1675 eodem
457 1632 695 1673 societatis
742 1632 972 1679 instinctu,
1011 1632 1085 1688 qui
1129 1640 1233 1672 tunc
1267 1631 1481 1688 temporis
1517 1632 1775 1689 Longobar—

281 1711 435 1752 (lorum
472 1711 620 1758 urbes,
653 1709 1205 1757 Gallias'communitates,
1246 1717 1289 1749 et
1323 1708 1626 1765 operariorum
1657 1708 1773 1749 varia

281 1788 465 1845 collegia
494 1786 746 1827 informavit
770 1803 790 1824 »
810 1787 836 1827 ¹.
869 1786 1012 1837 Quum
1035 1785 1298 1836 Abelardus,
1324 1785 1534 1826 Gulielmi
1563 1785 1617 1826 de
1641 1786 1771 1827 Cam-

265 1881 423 1923 ⁴peaux
450 1864 712 1921 discipulus,
736 1863 855 1904 venit
883 1862 929 1902 in
962 1862 1226 1903 Parisiensis
1254 1862 1477 1903 Ecclesiae
1507 1861 1774 1903 cathedralis

283 1941 569 1999 capitularem
599 1940 811 1990 scholam,
844 1939 963 1980 ut'in
993 1955 1041 1980 ea
1069 1939 1265 1991 doceret,
1292 1941 1381 1995 jam
1412 1939 1466 1980 ab
1492 1948 1773 1980 antecessore

282 2036 376 2069 suo,
403 2018 558 2059 eodem
581 2033 663 2075 qne
686 2017 898 2074 magistro
921 2016 1160 2067 illustrata3
1177 2032 1310 2073 quum
1334 2016 1498 2057 diserta
1521 2016 1773 2073 eloquentia

282 2095 469 2137 otnovis
492 2094 777 2152 opinionibus
794 2093 1008 2150 pellectos
1030 2093 1291 2151 glomeravit
1307 2092 1566 2150 discipulos,
1586 2109 1772 2150 quorum

281 2175 323 2214 in
347 2174 440 2214 dies
463 2172 690 2213 erescebat
705 2186 931 2221 numeruS,
952 2169 1615 2213 UniversitatemParisiensem
1638 2169 1774 2211 dona-

279 2252 339 2291 vit
378 2251 547 2290 duabus
582 2248 776 2297 dotibus,
799 2247 975 2304 ,quibus
1013 2247 1153 2288 adhuc
1194 2248 1289 2304 ipsa
1331 2247 1524 2296 carebat,
1560 2247 1772 2305 magistro

283 2328 451 2368 scilicet
479 2326 640 2367 illustri
670 2333 710 2366 et
731 2340 831 2366 vera
855 2324 1119 2365 methodice.

342 2403 466 2445 Haud
482 2411 581 2444 ante
604 2418 765 2443 annum
792 2401 944 2442 1208um
960 2401 1004 2442 in
1027 2401 1144 2442 bulla
1168 2401 1416 2442 Innocentii
1438 2402 1497 2442 III
1521 2401 1773 2442 nominatur

283 2500 302 2519 «
322 2481 595 2523 Universitas
618 2479 933 2537 Magistrorum
951 2495 972 2517 >›
991 2496 1000 2528 ς
1021 2481 1110 2534 jam
1132 2494 1233 2518 vero
1254 2494 1277 2518 a
1299 2477 1622 2535 quinquaginta
1644 2477 1771 2518 annis

280 2567 322 2599 et
376 2557 564 2615 amplius
618 2555 892 2598 Universitas
945 2555 1210 2596 Parisiensis
1233 2593 1236 2596 ,
1263 2555 1494 2596 existebat.
1548 2553 1771 2596 Abelardo

279 2635 512 2683 exstincto,
538 2649 625 2674 non
646 2633 861 2674 exstincta
882 2632 1154 2673 Parisiorum
1178 2631 1290 2672 fama
1315 2648 1323 2672 :
1351 2647 1534 2689 germen
1550 2631 1613 2673 ibi
1633 2631 1769 2688 depo-

327 2799 353 2828 l.
378 2797 520 2834 Thurot‚
549 2796 761 2827 I'Universite'
783 2795 824 2825 cle
841 2795 939 2825 Paris
964 2806 1007 2825 au
1029 2805 1148 2835 moyen
1170 2796 1243 2836 rige,
1267 2805 1302 2834 p.
1323 2795 1354 2824 4.
1405 2828 1424 2832 ..
