1842 3288
222 338 281 368 138
715 342 765 366 DE
799 341 1021 366 WALTEnlo
1056 341 1212 367 MAPPIO

224 429 337 469 unde
375 435 601 467 manarent
629 427 765 467 virtus
801 436 842 467 ct
878 427 970 468 laus
1000 427 1149 484 quales
1185 427 1501 476 exhibuerunt,
1529 429 1709 470 ineunte

223 505 394 553 ordine,
434 503 691 560 Templarii,
726 522 745 542 «
783 504 885 544 dum
917 504 1092 545 Domini
1129 505 1285 544 caritas
1319 513 1360 544 et
1387 505 1538 546 mundi
1567 505 1708 546 vilitas

225 583 363 622 inerat
395 599 431 620 ».
465 580 662 633 Quodam
699 580 784 631 die,
824 598 876 621 nc
911 581 1111 638 pluribus
1143 581 1355 637 exemplis
1387 590 1576 633 utamur,
1613 598 1709 622 cum

223 657 500 715 'l‘cmplarius
518 658 694 715 quidam
719 674 739 698 a
765 659 1018 699 Sarraccnis
1042 667 1194 715 captus
1218 667 1349 709 esset,
1376 676 1395 696 «
1423 658 1711 716 sagittabatur

226 744 269 775 ut
300 743 495 792 negaret.
527 735 714 787 Quidam
737 744 899 785 autem,
925 737 1000 792 qui
1018 744 1268 793 negaverat,
1295 735 1472 775 adstans
1490 736 1712 792 imprope-

225 813 345 853 rabat
382 812 420 853 ei
456 828 542 868 quo
578 812 709 852 stulte
745 812 961 860 crederet,
998 821 1039 852 vt
1069 812 1120 853 ad
1152 813 1350 871 singulos
1383 812 1494 852 ictus
1525 812 1668 852 aiebat
1700 829 1708 852 ε

228 891 384 929 Est-ne
408 888 599 929 bonum?
623 888 699 929 Ille
723 889 832 929 nihil
855 898 1024 929 contra.
1054 891 1250 947 Cumque
1272 889 1440 930 videret
1461 890 1554 945 ejus
1583 904 1711 929 cons-

224 966 422 1013 tantiam,
449 982 535 1005 uno
558 974 687 1022 caput
715 967 957 1022 amputavit
990 966 1092 1016 ictu,
1117 966 1268 1007 dicens
1301 983 1307 1006 z
1341 967 1499 1006 Est-ne
1520 966 1713 1006 bonum?

227 1044 367 1098 Caput
401 1051 546 1082 autem
582 1051 798 1084 resectum
835 1059 932 1084 cum
968 1044 1148 1100 proprio
1185 1060 1259 1084 ore
1294 1043 1479 1100 loquens
1515 1042 1665 1083 intulit
1702 1059 1709 1082 :

223 1121 347 1161 Nunc
369 1120 532 1159 bonum
557 1121 661 1161 est¹.
696 1138 716 1159 »

286 1197 333 1239 Si
356 1198 493 1254 equiti
517 1197 560 1238 in
579 1197 803 1248 Judaeam,
829 1207 875 1238 ut
898 1206 1082 1238 mortem
1105 1206 1192 1238 tam
1223 1197 1491 1254 praeclaram
1515 1204 1711 1253 oppetat,

226 1275 290 1315 ire
319 1290 407 1315 non
437 1275 556 1323 licet,
595 1275 659 1315 illi
687 1284 833 1315 tamen
863 1276 932 1332 pia
967 1291 1067 1315 vere
1103 1275 1334 1315 christiani
1363 1274 1523 1331 equitis
1552 1273 1712 1322 officia,

171 1351 180 1361 ’
226 1352 368 1408 patria
400 1351 580 1393 minime
613 1352 780 1400 relicta,
807 1353 991 1408 implere
1020 1352 1146 1392 facile
1177 1361 1255 1401 est,
1289 1352 1450 1392 etenim
1484 1351 1529 1391 in
1565 1350 1712 1407 equite

226 1428 303 1468 illo
345 1430 419 1485 qui
459 1429 685 1469 caritatem
728 1430 915 1477 colebat,
954 1429 1064 1469 nihil
1091 1431 1180 1485 jam
1215 1428 1556 1469 desiderandum
1594 1426 1715 1468 vide-

226 1506 368 1546 batur,
424 1506 662 1547 Caritatem
717 1506 879 1563 igitur,
930 1522 1014 1563 quo
1063 1514 1262 1562 tempore
1314 1505 1505 1546 rediviva
1557 1505 1714 1545 iterum

227 1591 494 1623 commorata
517 1591 583 1624 est
604 1582 721 1640 apud
752 1583 970 1633 homines,
999 1599 1166 1624 summa
1194 1583 1476 1624 veneratione
1505 1581 1717 1640 prosequi

231 1675 309 1700 nos
344 1659 491 1710 decet,
531 1668 839 1717 commotoque
878 1661 1023 1701 animo
1069 1661 1253 1718 paginas
1291 1659 1440 1718 legere
1478 1659 1521 1700 in
1557 1659 1716 1716 quibus

229 1736 469 1780 Walterius
481 1753 596 1778 nunc
609 1737 878 1778 Ludovicum
893 1738 1129 1794 septimum
1141 1747 1183 1778 et
1196 1737 1499 1778 Theobaldum
1514 1745 1716 1794 quartum

231 1813 284 1854 ad
312 1830 527 1871 pauperes
557 1823 599 1855 et
621 1814 820 1872 leprosos
850 1815 1062 1856 adeuntes
1085 1815 1304 1873 depingit,
1336 1830 1452 1855 nunc
1488 1813 1651 1862 laudat,
1677 1821 1720 1854 et

231 1891 400 1948 equites
430 1892 505 1948 qui
533 1891 586 1932 ad
610 1908 804 1933 mensam
828 1893 1012 1933 miseros
1041 1892 1295 1942 admittunt,
1321 1900 1363 1933 et
1385 1891 1584 1932 dominas
1610 1906 1719 1947 quae

234 1968 388 2024 inopes
412 1968 606 2009 invisunt
628 1969 770 2026 iisque
794 1969 1085 2026 opitulantur.
1110 1971 1218 2010 Tum
1243 1970 1433 2026 primum
1456 1968 1721 2026 intelligitur

233 2045 520 2086 christianam
553 2046 813 2105 religionem
848 2046 1032 2087 rudibus
1068 2047 1294 2103 saevisque
1330 2045 1487 2087 animis
1521 2045 1720 2102 aliquan-

231 2130 324 2162 tum
354 2123 699 2174 misericordiae,
732 2123 1005 2181 aliquantum
1034 2123 1211 2180 pietatis
1243 2123 1475 2164 infundere
1504 2122 1716 2179 potuisse.

292 2200 554 2255 Hujusmodi
606 2200 830 2257 exemplar
885 2200 1090 2257 Mappius
1140 2200 1396 2257 aequalibus
1443 2199 1721 2256 proponebat

232 2275 509 2328 imitandum,
535 2277 653 2334 quod
676 2277 871 2335 quidem,
894 2278 929 2318 si
949 2277 1010 2318 fas
1041 2286 1108 2318 est
1129 2277 1194 2318 illi
1216 2277 1413 2328 credere,
1440 2277 1493 2318 ad
1515 2276 1719 2317 effectum

232 2353 434 2394 nonnulli
473 2354 647 2410 plenius
682 2355 976 2405 adduxerunt,
1014 2354 1138 2395 multi
1171 2370 1273 2396 vero
1308 2370 1359 2395 ex
1392 2362 1516 2411 parte
1549 2361 1718 2394 tantum

232 2431 420 2471 assecuti
449 2440 565 2480 sunt,
598 2432 782 2488 plurimi
809 2431 1001 2488 denique
1031 2431 1157 2472 facile
1186 2431 1615 2488 praetermittebant,
1646 2430 1721 2470 ubi

230 2515 322 2547 tum
352 2508 527 2556 amoris,
560 2516 650 2548 tum
683 2508 804 2549 odii‘2
839 2509 902 2549 vis
932 2509 1123 2549 colorem
1156 2509 1280 2565 quasi
1314 2509 1357 2548 in
1391 2523 1556 2548 summa
1591 2506 1720 2548 modo

232 2591 356 2639 parte
382 2583 603 2625 inductam
628 2584 820 2637 delebat,
853 2585 1110 2642 ferocesque
1140 2585 1307 2625 animos
1332 2585 1504 2625 sinebat
1526 2584 1569 2625 in
1592 2599 1720 2641 prae-

233 2676 336 2717 ceps
363 2676 503 2702 ruere.
535 2662 622 2702 Nec
645 2662 880 2713 immerito,
913 2662 1043 2719 hujus
1065 2661 1205 2702 libelli
1232 2661 1376 2711 initio,
1409 2661 1653 2702 curavimus
1674 2668 1722 2701 ut

272 2809 301 2839 1.
323 2811 369 2839 De
387 2809 503 2851 Nugis,
526 2820 560 2850 p.
583 2810 634 2839 31.

205 2898 215 2908 Ρ
273 2857 302 2886 2.
325 2856 426 2894 lbid„
450 2868 483 2897 p.
510 2858 560 2897 17,
588 2858 637 2887 18.
662 2876 703 2880 —
729 2857 859 2888 Poenas
888 2857 947 2888 dat
973 2857 1122 2888 adulter.
1151 2875 1185 2879 —
1211 2857 1364 2887 Mortuae
1396 2857 1543 2887 feminae
1573 2857 1723 2886 cadaver

230 2903 409 2944 polluitur.
