1842 3288
193 324 251 353 134
688 329 737 353 DE
772 330 994 354 WALTEulo
1030 329 1184 354 MAl‘PlO

193 422 283 453 tuni
306 429 437 469 quum
459 429 665 470 proceres
689 415 955 455 exercebant
979 413 1238 470 imperium?
1259 414 1369 454 Num
1393 414 1526 454 robur
1549 412 1682 454 animi

195 489 409 545 religione
442 490 630 531 firmati?
658 491 839 531 Minime
866 508 872 530 :
901 491 1058 549 religio
1092 491 1207 531 enim
1243 490 1286 530 in
1322 490 1681 546 superstitionem

195 566 377 614 abierat,
417 568 612 608 moribus
642 568 685 608 in
722 568 876 609 melius
908 568 1129 608 mutandis
1165 567 1392 623 imparem.
1424 568 1536 608 Num
1565 582 1684 606 eres-

195 658 298 683 eens
331 643 577 685 studiorum
607 645 754 685 amor?
785 645 873 686 Sed
902 661 988 685 non
1017 645 1193 701 vigebat
1222 643 1307 683 nisi
1338 644 1381 684 in
1408 643 1580 684 clericis
1609 642 1686 700 qui

196 720 414 761 seculares
454 722 763 772 vocabantur¹,
808 731 849 762 et
891 721 1029 762 nobili
1075 737 1238 779 genere
1287 720 1383 770 viri,
1430 728 1541 761 teste
1588 720 1683 776 ipso

196 797 392 853 Mappio,
427 798 538 838 [ilios
565 814 664 839 suos
693 799 951 839 liberalibus
981 798 1228 854 disciplinis
1261 796 1492 837 instituere
1520 812 1686 854 nequa-

197 890 325 930 quam
368 874 573 915 derorum
610 875 886 931 judicabant.
928 877 973 915 In
1018 875 1125 915 nihil
1169 874 1302 933 igitur
1338 873 1456 914 aliud
1493 873 1685 913 animum

198 951 430 991 intendere
460 960 666 1008 poterant
695 968 934 1008 reveraque
965 951 1255 992 intendebant
1289 951 1375 991 nisi
1402 959 1449 991 ut
1476 950 1685 1007 optimam

197 1027 359 1083 equitis
383 1028 572 1087 elligiem
597 1029 640 1069 in
664 1045 708 1069 se
732 1029 785 1069 ad
812 1029 954 1069 vivum
984 1037 1386 1085 repraesentarent.

257 1104 459 1147 &Valterii
488 1107 617 1146 etiam
646 1115 863 1162 tempore,
892 1122 989 1146 curn
1014 1107 1103 1161 jam
1134 1106 1190 1146 ita
1216 1104 1555 1146 labefactaretur
1585 1119 1688 1161 pro-

198 1197 345 1221 cerum
388 1183 639 1240 imperium,
683 1192 729 1223 ut
775 1183 1091 1223 meditantibus
1134 1182 1262 1223 nobis
1303 1182 1524 1222 recentior
1570 1189 1688 1221 aetas

198 1260 342 1315 primo
379 1268 471 1300 tum
506 1269 601 1300 ortu
639 1260 813 1301 fulsisse
843 1259 1060 1310 videatur,
1098 1259 1241 1299 adhuc
1278 1274 1373 1299 sese
1408 1257 1688 1315 perspicuam

149 1360 154 1371 ι
198 1337 381 1393 praebet
423 1337 559 1378 virtus
602 1337 674 1378 illa
716 1337 938 1378 salutifera
984 1339 1107 1393 eujus
1155 1352 1236 1392 ope
1286 1335 1482 1376 seculum
1524 1334 1690 1375 (luode-

203 1414 380 1461 cimum,
419 1413 588 1455 duabus
618 1414 734 1455 notis
766 1415 957 1471 insigne,
988 1413 1194 1454 videlicet
1227 1412 1444 1453 bellorum
1474 1426 1621 1452 amore
1649 1419 1691 1452 et

202 1490 288 1530 fide
312 1491 494 1531 nimium
523 1490 716 1540 credula,
750 1490 803 1531 ad
833 1490 1059 1531 meliorem
1083 1490 1254 1548 frugem
1284 1505 1328 1530 se
1358 1489 1541 1545 recepit.
1571 1490 1692 1541 Quae

207 1576 350 1608 autem
375 1568 417 1608 in
441 1568 645 1611 XValterii
666 1567 780 1608 libro
805 1576 1039 1608 narrantur
1063 1567 1168 1607 mire
1192 1582 1270 1607 nos
1291 1566 1493 1618 edocent,
1514 1566 1620 1623 quid
1649 1566 1692 1606 in

202 1644 437 1701 disciplina
471 1661 639 1685 morum
674 1660 794 1685 sacra
830 1644 1038 1701 Equitum
1074 1643 1228 1684 militia
1263 1642 1474 1684 effecerit.
1507 1643 1619 1684 Hinc
1649 1643 1693 1683 in

201 1720 342 1762 lucem
371 1721 594 1778 profertur
617 1722 862 1762 animorum
891 1736 1107 1779 generosa
1137 1720 1298 1761 ferocia
1327 1728 1369 1761 et
1397 1728 1575 1761 strenua
1603 1720 1694 1777 pie-

202 1806 284 1847 tas,
304 1825 361 1829 -—
383 1815 403 1839 e
428 1799 587 1855 quibus
611 1800 873 1840 constabant
898 1798 1034 1855 equiti
1057 1798 1168 1839 vitae
1186 1797 1378 1855 dignitas
1405 1805 1446 1838 et
1468 1797 1601 1837 decus
1618 1821 1691 1846 ——,

205 1885 414 1932 quantum
469 1877 512 1917 in
569 1876 823 1936 mitigandis
880 1875 1146 1916 bellatorum
1199 1874 1390 1933 ingeniis
1440 1873 1692 1931 potuerint,

206 1953 421 2011 religione
457 1970 611 2011 parum
645 1953 921 2010 proficiente.
961 1953 1131 2009 Eques,
1166 1968 1254 1992 non
1287 1959 1457 1992 tantum
1492 1950 1693 1998 nomine,

207 2030 283 2071 sed
322 2046 382 2081 re,
417 2032 540 2087 cujus
570 2030 793 2088 praeclare
829 2030 940 2070 sacta
968 2029 1210 2072 XValterius
1238 2037 1446 2086 tanquam
1475 2026 1697 2083 exemplar

207 2107 374 2149 civibus
415 2108 640 2165 proponit,
678 2107 750 2148 ille
791 2115 883 2148 erat
919 2106 1008 2163 qui,
1047 2114 1094 2146 ut
1135 2105 1279 2146 datam
1318 2104 1446 2145 fidem
1485 2111 1694 2153 servaret,

206 2186 337 2226 vitam
367 2186 505 2242 ipsam
541 2185 585 2225 in
616 2184 854 2225 discrimen
885 2183 1103 2224 adducere
1133 2183 1402 2232 sustinebat3
1434 2181 1509 2238 qui
1537 2180 1699 2237 pudori

209 2263 417 2319 parcebat
456 2263 603 2303 uxoris
645 2261 788 2309 amici,
836 2260 1060 2317 voluptate
1104 2276 1183 2317 pro
1221 2259 1360 2300 nihilo
1408 2258 1578 2307 habita3
1625 2257 1698 2314 qui

210 2339 419 2396 denique,
457 2348 504 2380 ut
544 2355 588 2379 se
630 2338 804 2379 fidelem
838 2337 1017 2379 Christo
1052 2345 1307 2386 testaretur,
1340 2335 1406 2376 vel
1442 2334 1698 2391 martyrium

212 2416 326 2457 ferre
349 2425 527 2472 paratus
552 2424 659 2456 erat.

273 2494 381 2535 Cum
428 2492 706 2550 Templarius
753 2492 948 2548 quidam,
994 2491 1154 2531 virtute
1207 2489 1363 2531 bellica
1411 2498 1453 2530 et
1501 2488 1700 2530 victoriis

214 2570 419 2627 inclytus,
452 2586 473 2610 a
510 2569 765 2611 Sarracenis
801 2577 952 2626 eaptus
989 2577 1124 2617 esset,
1162 2567 1242 2618 illi,
1281 2566 1467 2624 sumptis
1509 2565 1698 2623 sagittis,

216 2647 408 2704 equitem
432 2647 484 2688 ad
506 2647 654 2704 palum
682 2646 950 2705 deligarunt.
978 2645 1212 2702 Proposita
1242 2661 1263 2685 a
1286 2660 1389 2701 rege
1412 2643 1607 2701 praemia
1631 2643 1701 2683 his

217 2724 291 2781 qui
312 2724 579 2765 destinatum
602 2723 746 2775 locum
775 2722 976 2773 ferirent,
1003 2730 1045 2763 et
1072 2738 1232 2779 corpus
1258 2721 1407 2762 miseri
1434 2720 1534 2761 telis
1562 2720 1703 2775 impe-

257 2891 286 2920 1.
307 2893 354 2921 De
375 2890 491 2932 Nzlgi's,
513 2901 548 2930 p.
571 2892 600 2921 8.
