1873 3329
749 267 983 292 Pnofflxnust
1576 266 1612 294 13

130 349 348 392 Ludovico
383 350 472 399 ΥΙΙ,
503 350 714 391 Frauciae
745 361 1094 406 procuraverunt
1134 352 1247 391 uude
1287 354 1457 409 Europa
1496 371 1611 394 oevi-

129 426 334 477 dentalis,
360 443 437 484 per
460 426 762 467 dominantem
787 428 1032 478 Franciam,
1060 428 1113 468 ad
1145 429 1366 470 civilitatis
1392 431 1608 486 fastigium

128 504 404 544 eveheretur.
447 504 604 544 Totum
642 503 684 543 iu
720 503 799 543 hac
842 520 887 543 rc
927 514 1223 561 comparatum
1267 514 1331 545 vsi
1373 523 1449 562 per
1496 508 1612 547 littr-

130 596 297 627 rarum,
347 581 520 627 artium,
571 588 613 620 et
663 579 892 636 religionis
938 581 1160 621 studiosos
1215 582 1386 622 labores
1434 584 1608 639 quibus.

114 650 300 715 fsavente
339 657 621 707 commerci0‚
654 657 796 697 variae
828 657 979 713 populi
1014 658 1182 714 stirpis,
1217 659 1289 699 ‹liu
1319 659 1609 709 ‹lum-nunno,

129 734 463 791 copularentur.
489 725 493 729 .
531 727 533 729 V

189 812 295 852 Tota
318 810 606 852 occidentalis
637 812 810 867 Europa
835 826 929 851 sese
960 811 1258 867 subjacentem
1291 812 1449 854 fatetur
1481 815 1614 855 famae

131 894 174 926 et
208 885 454 926 celebritati
491 901 618 942 quam
655 885 862 925 emittunt
895 901 981 925 uon
1020 885 1159 926 solum
1196 887 1398 927 haereses
1439 889 1613 929 Univer-

131 963 324 1019 sitasque
353 961 633 1012 parisiensis,
665 961 742 1002 sed
775 970 818 1002 et
861 962 1008 1017 poesis
1046 971 1087 1002 et
1121 963 1413 1004 architectura
1448 974 1609 1006 nostra.

134 1039 284 1081 Poesis
319 1038 452 1095 lyrica
485 1039 642 1079 victrix
670 1039 943 1095 Hispaniam,
977 1039 1242 1080 Lusitaniam
1274 1049 1404 1097 atque
1439 1051 1614 1097 septen-

131 1115 366 1158 trionalem
383 1107 551 1156 Italiam
575 1115 838 1172 peragravit.
865 1115 994 1167 Quod
1018 1115 1053 1156 si
1075 1124 1220 1157 vetera
1244 1125 1392 1157 nostra
1417 1120 1616 1159 evanuis-

133 1201 232 1234 sent
272 1201 490 1250 poemata,
534 1208 765 1250 possemus
811 1191 959 1243 hodie,
1002 1193 1299 1234 mediantibus
1341 1194 1615 1235 Germanicis

132 1269 411 1311 versionibus
434 1270 477 1310 in
506 1269 647 1310 lucem
670 1256 816 1310 edere}

193 1348 307 1387 Ilaec
342 1346 552 1387 Franciae
588 1334 847 1396 dominatio,
881 1362 989 1403 quae
1031 1346 1202 1387 saeculo
1235 1352 1313 1387 Χιι0
1348 1347 1478 1388 suerit
1516 1365 1616 1404 pro-

133 1425 237 1465 bant
292 1431 576 1464 monumenta
629 1422 883 1480 pulchriora
937 1431 978 1463 et
1029 1422 1246 1464 durabilia
1300 1424 1436 1479 magis
1489 1441 1614 1481 quam

135 1500 435 1557 manuscripta
471 1499 650 1557 pulvere
686 1499 881 1540 sordida.
915 1500 1024 1541 Cum
1060 1500 1175 1541 enim
1212 1501 1414 1558 sequenti
1446 1502 1617 1542 saeculo

132 1577 331 1618 extranei
373 1576 583 1633 Episcopi
621 1576 696 1633 qui
734 1576 929 1617 Lutetiae
965 1576 1238 1627 studuerant,
1270 1577 1544 1619 adduxerunt
1575 1579 1616 1619 in

133 1654 438 1704 Germaniam,
483 1652 723 1694 Ilelvetiam
770 1641 1057 1710 intimamque
1105 1654 1398 1713 lIungariam¹
1445 1664 1619 1696 nostros

131 1731 416 1781 architectus,
456 1738 652 1771 nostram
685 1730 989 1771 auctoritatem
1019 1731 1062 1771 iu
1099 1731 1266 1771 artibus
1295 1732 1465 1787 poetica
1494 1731 1619 1772 laude

135 1815 381 1849 sacrarunt.
409 1806 632 1848 Ecclesiae
648 1815 782 1857 certe,
809 1815 1060 1848 nostrarum
1083 1823 1333 1866 germanae,
1359 1824 1469 1865 quae
1491 1818 1619 1865 eaput

134 1884 315 1943 erigunt
350 1885 540 1942 BurgOS,
574 1883 725 1941 Upsal,
750 1884 937 1925 Roskild
969 1893 1011 1925 et
1038 1884 1306 1933 Lincolniae,
1333 1900 1419 1925 non
1453 1893 1617 1926 tantum

135 1960 429 2002 testificantur
457 1961 686 2020 ingenium
709 1960 915 2018 opificum
948 1962 1039 2018 qui,
1071 1961 1225 2019 ignoto
1254 1962 1444 2011 nomine,
1471 1962 1620 2003 Gothi-

135 2053 234 2079 cum
275 2036 436 2094 stylum
476 2037 756 2078 invenerunt.
797 2038 920 2094 Opus
956 2036 1277 2094 francigenum,
1313 2053 1462 2078 verum
1492 2039 1619 2079 etiam

120 2099 386 2155 'immortale
415 2108 664 2170 symbolum
692 2114 819 2155 istius
854 2114 1120 2172 Franeigeni
1153 2114 1316 2171 operis,
1348 2114 1465 2170 quod
1494 2114 1621 2155 simul

138 2190 323 2250 aggredi
343 2191 607 2248 inceperunt
634 2191 838 2232 doctores
860 2191 1064 2232 catholici
1092 2191 1457 2248 adversantesque
1487 2191 1621 2248 scrip-

119 2274 275 2319 tores,
296 2268 623 2311 'Universitat'es
659 2277 701 2308 et
734 2277 906 2325 poetae,
938 2268 1018 2309 hae
1052 2267 1123 2308 xii*
1159 2267 1321 2309 saeculi
1351 2284 1505 2309 aurora
1536 2284 1619 2309 non

138 2343 214 2385 diu
244 2360 461 2394 mansura,
487 2344 627 2386 lucem
651 2345 811 2386 emisit.

179 2508 208 2540 1.
228 2507 304 2538 Vid.
327 2507 527 2548 Quieherat,
549 2508 766 2539 Miscellanea
784 2507 982 2550 Arclecolog.
1005 2511 1035 2538 cl
1059 2508 1148 2542 Ιιι’,ςί.,
1173 2512 1196 2537 t.
1223 2508 1279 2538 Il.'
