1873 3329
460 276 561 300 1-ἈΙΙυ
571 277 602 301 L(
612 277 696 302 »SAR
705 278 761 302 [M
798 277 875 302 Mi(
885 275 1100 301 uA'i‘iONUM
1139 275 1182 299 SC
1191 276 1209 299 {t
1219 275 1227 299 1
1237 274 1338 299 ΡΤΟΙΚ
1349 273 1368 297 Ιί
1600 266 1656 294 1⁰35

171 360 264 401 dari
310 359 449 400 lucem
486 383 521 408 ι»,
568 370 610 401 ut
651 362 708 402 ait
752 361 969 402 Horatius.
1018 361 1219 399 Ceterum
1262 358 1439 398 minime
1477 364 1658 396 conti-u-

171 436 314 477 dimus
367 437 543 493 propria
599 438 799 479 XYaltcrii
855 453 979 476 mauu
1030 444 1115 475 tota
1170 435 1275 475 hac(-
1329 434 1488 490 scripta
1543 448 1654 471 esse.

175 514 357 554 Errnres
380 513 432 553 dc
461 516 590 554 Sacra
620 514 870 570 Scriptura¹
899 513 1057 569 quibus
1089 527 1173 551 non
1206 511 1337 551 sonu-l
1373 509 1655 554 offendimur,

173 605 258 630 uon
305 598 461 630 coeunt
511 606 606 630 cum
651 590 717 630 his
764 606 871 646 quac
911 588 962 629 dc
1009 587 1083 628 illo
1131 587 1256 627 nobis
1305 595 1402 626 uota
1452 594 1567 628 sunt,
1615 593 1659 624 ut

170 675 288 708 certe
329 666 511 707 arduum
557 668 611 707 sit
652 667 756 706 haec
792 666 885 705 loca
926 665 1223 721 interpretari.
1261 662 1504 704 Nonnullos
1545 662 1659 702 inter

170 743 451 784 doctissimos
488 743 602 783 viros
644 742 874 783 convenit³
917 741 1083 782 fabulas
1129 740 1182 781 ‹le
1217 738 1377 781 Granio
1412 755 1506 777 esse
1540 754 1659 777 com-

172 836 300 861 mune
330 836 439 876 opus
474 819 678 861 walterii
720 827 761 859 ct
801 819 986 859 Roberti
1021 818 1074 858 de
1110 819 1322 860 Borrone,
1361 817 1416 856 ita
1458 825 1501 856 ut
1540 815 1660 871 prior

172 897 352 937 sormam
392 896 609 953 propositi
649 895 974 952 descripsisset,
1021 894 1318 951 impressisset
1359 901 1504 932 notam
1547 891 1660 931 libro

170 974 413 1031 propriam,
445 989 601 1030 nempe
631 973 904 1014 inimicitiam
938 973 981 1013 in
1014 973 1176 1028 Papus,
1214 969 1500 1028 quorumdam
1526 967 1661 1025 Equi-

170 1059 258 1091 tum
298 1050 460 1107 pietate
502 1050 740 1109 insignium
782 1076 838 1080 —
879 1059 922 1090 ut
969 1057 1071 1105 puta
1114 1047 1344 1091 (lalahadi,
1388 1047 1482 1086 sinc
1524 1053 1659 1093 metu,

170 1128 263 1168 sine
303 1126 430 1184 culpa
468 1127 693 1167 bellatoris
727 1153 784 1158 —
821 1127 989 1183 efligies
1031 1126 1175 1166 animo
1215 1123 1515 1181 concepisset:
1553 1122 1659 1178 quin

169 1205 300 1245 etiam
349 1219 484 1261 pauca
533 1204 800 1260 scripsisset,
850 1203 925 1244 sed
979 1203 1145 1259 reliqua
1193 1201 1428 1258 posterior.
1480 1201 1542 1240 Ex
1592 1199 1663 1238 his

176 1280 324 1321 Heliae
358 1280 410 1321 de
454 1281 652 1321 Borrone
697 1296 807 1338 quac
848 1296 976 1336 supra
1019 1279 1264 1328 retulimus,
1304 1277 1406 1318 licet
1445 1292 1494 1317 co
1534 1274 1662 1316 modo

176 1373 263 1398 rem
302 1358 608 1414 interpretari3
647 1357 719 1397 illa
759 1358 940 1414 insuper
975 1356 1190 1398 sententia
1225 1355 1307 1396 hoc
1342 1370 1470 1395 manu
1510 1351 1663 1408 scripti

172 1434 312 1475 libelli
353 1434 449 1475 loco
489 1434 772 1475 confirmatur
809 1450 817 1474 :
863 1452 882 1471 «
923 1433 1144 1475 Robertus
1185 1432 1237 1473 (le
1280 1433 1476 1472 Borrone
1518 1439 1664 1470 trans-

173 1511 342 1552 ferebat
378 1511 585 1552 historias
620 1527 640 1552 e
676 1511 808 1552 latina
844 1511 886 1551 in
920 1510 1195 1551 vernaculam
1230 1509 1412 1567 lingam,
1448 1506 1664 1550 walterio

175 1589 354 1645 Mappio
390 1587 650 1645 adjuvante³
688 1606 724 1627 ».
762 1588 887 1629 Nodo
923 1587 984 1629 sic
1018 1587 1236 1644 expedito,
1275 1593 1531 1644 argumenta
1566 1600 1663 1625 cum

171 1665 358 1721 objectis
393 1665 717 1722 quodammodo
747 1665 1059 1715 conciliantur,
1094 1673 1136 1705 et
1171 1664 1224 1704 ad
1261 1664 1486 1721 Mappium
1515 1670 1664 1718 partes

169 1759 189 1782 a
226 1741 384 1783 studiis
420 1750 462 1783 et
491 1742 686 1783 moribus
721 1744 815 1798 ejus
844 1742 1022 1783 minime
1059 1742 1350 1782 abhorrentes
1386 1739 1661 1780 deseruntur.

169 1820 265 1860 Non
302 1819 435 1869 enim,
468 1819 704 1860 multorum
733 1819 870 1860 instar
901 1819 983 1860 hoc
1011 1827 1225 1876 tempore,
1252 1818 1508 1874 ingentibus
1537 1815 1664 1856 libris

171 1896 530 1947 immoriebatur,
570 1896 646 1936 sed
691 1896 783 1937 noti
824 1896 906 1936 viri
950 1895 1141 1954 effigiem
1179 1896 1300 1936 brevi
1338 1894 1463 1951 quasi
1503 1892 1663 1934 tabella

171 1972 393 2030 amplecti,
427 1972 574 2014 fictum
609 1981 682 2014 aut
707 1988 855 2014 verum
881 1972 1048 2014 facinus
1076 1988 1270 2023 narrare,
1303 1972 1493 2030 speciem
1519 1971 1665 2011 animo

173 2058 430 2106 conceptam
474 2050 719 2106 exprimere
753 2049 939 2090 amabat.
982 2049 1165 2102 Qualem
1194 2049 1237 2090 in
1266 2049 1381 2089 libro
1412 2050 1471 2089 De
1505 2048 1661 2103 Nugis,

171 2125 302 2166 talem
336 2126 379 2166 in
408 2126 618 2183 operibus
650 2125 702 2167 de
734 2127 790 2167 S²⁰
813 2125 972 2167 Graalo
1001 2142 1046 2167 se
1077 2125 1313 2183 praestitit,
1346 2124 1513 2165 scilicet
1543 2139 1664 2164 com-

173 2202 368 2243 munium
393 2202 623 2244 notionum
646 2211 899 2251 amatorem,
928 2211 970 2243 et
998 2202 1208 2243 artificem
1239 2201 1663 2243 narratiuncularum

174 2279 396 2320 eximium.

233 2355 351 2396 ldem
380 2356 659 2398 sentiendum
685 2365 749 2397 est
772 2356 825 2398 de
853 2357 1039 2398 obscura
1063 2356 1320 2414 quaestione
1342 2372 1453 2413 quae
1475 2355 1528 2396 de
1557 2356 1663 2396 Lan—

173 2431 332 2473 celloto
354 2432 553 2474 instituta
583 2442 648 2474 est
679 2451 686 2474 :
713 2434 1009 2492 excogitatum
1039 2450 1060 2474 a
1088 2433 1267 2490 Mappio
1292 2433 1566 2490 propositum
1590 2431 1664 2472 alii

172 2517 272 2566 post
307 2509 449 2566 ipsum
487 2510 828 2567 amplificarunt.
873 2512 991 2552 Inter
1025 2510 1132 2552 duas
1173 2509 1516 2567 disceptationes
1555 2508 1663 2549 illud

172 2585 374 2636 interest,
400 2586 518 2643 quod
541 2596 798 2645 argumenta
822 2588 997 2628 maximi
1020 2587 1229 2644 ponderis
1253 2586 1363 2628 etad
1386 2602 1475 2626 rem
1499 2586 1664 2642 optime

215 2690 243 2720 1.
268 2692 304 2721 P.
329 2691 440 2721 Paris.
465 2692 645 2731 Romania,
671 2693 697 2727 Ι,
721 2703 753 2732 p.
773 2693 844 2724 231.

212 2738 242 2767 2.
269 2738 415 2768 Hacher.
436 2740 470 2768 S.
500 2738 609 2769 Graal
633 2740 754 2780 (1875).
777 2758 818 2763 —-
843 2740 970 2770 Doctor
994 2741 1189 2781 Bugmann,
1219 2742 1250 2769 S.
1276 2738 1384 2769 Graal
1406 2739 1522 2779 (1870).
1553 2739 1661 2769 Prosr.

173 2784 290 2815 Skeat.
311 2787 357 2815 De
380 2787 449 2816 los.
472 2785 513 2815 (Ie
536 2785 745 2818 Arimathia.
764 2787 951 2818 Praefatio.
977 2788 1073 2818 Text.
1098 2798 1181 2823 soc.,
1204 2787 1295 2817 1871.

213 2833 243 2863 3.
269 2832 360 2863 Bibl.
381 2833 472 2871 Nat„
497 2833 589 2863 2455.
