1873 3329
387 265 689 292 FanULOSAncM
726 266 1029 292 NAnnATmNUM
1065 267 1294 292 scuwTonss
1529 265 1587 294 1¹¹5

96 352 215 393 tibus
238 359 310 392 aut
333 351 478 408 aliquo
498 352 719 407 juvamine
748 351 942 392 fraudata
977 369 983 391 :
1013 352 1238 408 quaeritur
1265 353 1409 393 omnia
1439 370 1584 394 secum

97 428 281 478 intenta,
319 427 430 469 nihil
467 428 520 469 dv
560 429 692 469 citato
729 427 870 468 reditu
908 444 1113 483 pensans.
1144 454 1201 458 —
1245 431 1452 470 Putabam
1495 448 1587 472 cam

97 513 185 545 tam
209 503 404 553 idiotam,
431 506 625 545 omnium
652 505 809 545 artium
835 504 1047 544 nesciam!
1073 530 1131 536 —-
1152 505 1372 546 Ncsciam!
1401 511 1435 545 ()
1460 524 1589 563 quam

97 581 210 622 bene
233 581 495 638 prudentem
527 581 568 621 in
607 580 876 637 hujusmodi,
902 581 936 620 si
970 579 1095 621 fateri
1127 580 1187 621 sas
1220 583 1358 622 esset!
1384 609 1441 614 ——
1471 586 1590 625 Bona

100 673 210 708 mea,
253 657 323 698 die
369 658 530 698 omnia.
570 657 784 698 Galonem
826 672 891 711 geo
934 658 1110 698 nominc
1156 659 1392 700 vocabatur
1439 678 1588 718 eques,

97 735 225 791 cujus
260 750 408 775 amore
443 735 594 793 regina
626 733 844 790 ardebat),
882 734 1095 775 Calonem
1129 736 1292 785 nescio,
1330 737 1590 793 quibuscum

100 811 205 852 licet
228 812 367 871 signis
391 811 578 867 impetit.
603 837 660 841 —
683 810 799 863 Quid
829 810 922 867 ipse
950 811 1083 852 tunc?
1112 838 1169 842 —
1191 813 1466 864 Dissimulat,
1497 824 1594 855 tan-

102 904 231 946 quam
260 888 366 929 alias
395 896 577 936 ametur,
609 896 680 928 aut
712 896 841 928 amet.
879 913 936 918 —
964 888 1086 929 Dicis
1123 906 1143 928 «
1183 899 1352 930 ametur
1384 909 1427 940 »3
1462 892 1594 932 immo

100 965 264 1006 dieitur
286 964 403 1022 quod
433 981 519 1005 non
545 973 705 1021 potest.
738 990 795 996 -
823 966 908 1005 Ero
933 967 1023 1021 jam
1056 967 1153 1016 scit,
1186 967 1221 1008 si
1251 976 1410 1024 potest.
1440 994 1499 1000 —
1526 970 1595 1010 Me

103 1042 326 1083 miseram!
348 1042 454 1082 Ero!
477 1067 535 1072 —
551 1041 658 1082 Ero!
682 1067 739 1072 --
761 1042 1019 1083 NostraP—
1038 1042 1180 1084 Aliam
1204 1044 1369 1085 nescio.
1395 1071 1452 1076 —
1476 1048 1598 1098 Quo-

100 1119 231 1159 modo
255 1119 340 1160 scis
366 1134 458 1159 eam
481 1118 564 1159 hoc
593 1119 733 1159 scire?
764 1144 821 1149 ——
853 1119 995 1160 Certis
1029 1135 1122 1160 eam
1154 1123 1423 1177 conjecturis
1456 1139 1598 1182 agno-

100 1195 256 1236 vimus.
293 1220 350 1226 —-
380 1194 557 1236 Fallunt
590 1195 830 1244 interdum,
864 1195 940 1236 sed
975 1196 1104 1237 audio
1139 1197 1405 1239 cardinem¹.
1444 1217 1464 1237 »
1495 1200 1599 1240 Dia-

101 1272 230 1330 logus
276 1272 358 1313 iste
401 1273 445 1312 in
486 1288 659 1313 scenam
702 1272 892 1329 scriptus
933 1288 1028 1314 esse
1069 1273 1257 1323 videtur,
1296 1275 1405 1317 adeo
1447 1285 1596 1333 parata

104 1350 269 1390 habent
314 1349 358 1390 in
405 1348 658 1390 altercando
692 1365 903 1406 responsa
944 1365 1176 1407 personae,
1209 1351 1318 1393 adeo
1353 1353 1461 1393 mira
1509 1361 1600 1394 arte

105 1427 245 1483 magis
273 1442 321 1467 ac
344 1426 483 1484 magis
506 1426 641 1467 animi
663 1434 1008 1467 commoventur.
1039 1428 1154 1468 Haec
1178 1428 1252 1484 qui
1275 1428 1398 1486 legit,
1422 1430 1493 1470 vix
1513 1446 1601 1471 non

106 1504 151 1544 in
180 1511 325 1544 mente
349 1503 483 1544 habet
505 1502 695 1560 aliquam
718 1511 887 1559 partem
909 1504 1112 1545 omittere
1136 1513 1184 1546 ut
1209 1506 1264 1546 ad
1292 1515 1494 1548 eventum
1517 1507 1603 1548 ses-

105 1581 233 1630 tinet,
260 1589 305 1621 ut
328 1580 653 1637 quamprimum
678 1580 788 1620 sciat
811 1579 916 1637 quid
940 1581 1039 1622 novi
1061 1581 1115 1621 ad
1138 1581 1361 1624 dominam
1384 1585 1470 1625 Ero
1493 1585 1603 1626 rela-

106 1666 202 1699 tura
238 1658 310 1708 sit,
348 1666 390 1698 et
419 1656 608 1714 quodam
639 1657 767 1697 modo
802 1657 928 1698 anxia
959 1657 1366 1715 illa-expectatione
1396 1661 1601 1713 afficitur,

107 1750 237 1791 quam
272 1749 609 1791 nonnunquam,
649 1749 746 1774 cum
782 1734 929 1792 agitur
962 1734 1109 1776 sabula
1141 1736 1185 1776 in
1219 1736 1408 1781 theatro.
1440 1739 1606 1795 patitur

106 1820 348 1869 spectator,
375 1826 472 1852 cum
496 1826 632 1851 novus
656 1819 776 1851 actus
800 1811 947 1852 instat.
975 1811 1031 1852 At
1054 1812 1208 1853 saltem
1230 1814 1488 1865 NVasterius,
1513 1825 1605 1858 tum

105 1889 212 1946 quia
240 1888 446 1930 alacriter
472 1896 637 1936 narrat,
668 1896 760 1928 tum
789 1888 889 1945 quia
918 1888 1111 1930 alternos
1144 1905 1372 1932 sermones
1400 1903 1606 1951 prompto

109 1965 290 2026 ingenio
313 1964 532 2012 adhibet²‚
558 1980 705 2005 rerum
729 1965 1002 2006 scenicarum
1029 1981 1160 2007 sensu
1183 1983 1272 2008 non
1295 1972 1453 2010 earet-³.

169 2043 285 2084 Raro
320 2041 482 2083 accidit
520 2050 565 2082 ut
599 2043 692 2098 ejus
728 2041 912 2083 fabellae
943 2058 1110 2083 merum
1143 2043 1234 2085 sint
1268 2047 1426 2086 mentis
1458 2047 1608 2089 oblec-

113 2128 268 2170 tatum,
299 2127 372 2160 aut
399 2134 510 2176 opus
540 2134 669 2174 vagas
702 2119 870 2175 species
899 2118 1108 2176 fingentis
1143 2120 1330 2178 ingenii,
1363 2123 1439 2164 sed
1468 2125 1510 2164 in
1541 2125 1608 2166 his

116 2197 292 2253 saepius
331 2195 727 2237 demonstrandum
765 2205 1091 2253 argumentum,
1131 2206 1204 2238 aut
1237 2209 1521 2256 praeceptum
1556 2202 1609 2243 de

119 2274 331 2324 moribus,
356 2288 472 2314 nunc
495 2272 660 2329 apertis
682 2272 828 2313 verbis
856 2274 1136 2330 proponitur,
1164 2290 1280 2315 nunc
1307 2284 1476 2318 tantum
1506 2295 1609 2337 sug-

119 2350 306 2408 geritur.
334 2349 422 2392 Sed
444 2358 665 2391 auctorem
684 2350 825 2405 ipsum
844 2349 888 2390 in
908 2350 1130 2407 principio
1151 2351 1252 2392 libri
1277 2353 1428 2395 audire
1446 2355 1607 2397 libeat:

121 2428 270 2469 «Cum
286 2426 479 2483 apalatio
495 2425 771 2467 descendunt
786 2425 968 2482 palatini
980 2428 1186 2485 negotiis,
1201 2430 1412 2488 regalium
1430 2449 1611 2489 operum

117 2504 412 2546 immensitate
440 2503 617 2551 defessi,
650 2502 793 2559 placet
831 2503 893 2544 eis
929 2503 981 2544 ad
1015 2504 1247 2546 humilium
1276 2507 1490 2550 inclinare
1521 2511 1613 2551 col-

117 2581 281 2638 loquia,
313 2580 582 2637 ludicrisque
604 2579 746 2621 levare
770 2580 965 2636 pondera
999 2582 1232 2623 seriorum.
1261 2584 1351 2625 Hoc
1380 2586 1461 2626 tibi
1489 2587 1614 2629 vultu

165 2726 195 2756 1.
219 2727 266 2755 De
284 2723 403 2765 Nugis,
423 2723 548 2764 p.111‚
572 2723 643 2754 112.

168 2773 199 2803 2.
220 2772 297 2802 Alia
321 2771 490 2811 exempla.
510 2770 596 2802 Dist.
620 2770 694 2809 1112,
716 2772 735 2800 4
755 2775 788 2801 et
809 2774 838 2802 5.

167 2820 200 2849 3.
219 2819 386 2860 Dialogus
410 2817 614 2848 mercatoris
636 2817 748 2848 Italici
770 2829 847 2848 cum
865 2818 1015 2858 janitore
1033 2824 1065 2850 et
1085 2821 1237 2852 famulis.
1261 2822 1347 2854 Dist.
1372 2824 1442 2862 ΙΨ,
1462 2836 1538 2866 cap.
1561 2827 1614 2858 165.

1389 2890 1432 2923 10
