1873 3329
418 270 721 296 FABULOSARUM
759 271 1063 297 NARRAUONUM
1100 269 1328 296 SCRIPTORE
1564 263 1620 291 137

131 357 301 397 fervore
343 354 665 411 pulcherrimae
714 357 850 412 pestis
897 356 1104 412 aureique
1145 353 1412 395 discriminis
1454 352 1621 392 animo-

130 448 204 473 sus
227 431 416 473 eflicitur
442 450 480 472 ».
503 433 597 472 Non
624 432 733 473 nihil
757 432 935 489 quidem
966 431 1163 472 audierat
1196 431 1249 471 de
1279 438 1494 470 nocturno
1516 444 1622 468 con-

128 517 259 549 ventu
282 508 544 549 daemonum
568 509 937 565 nympharunquc
954 507 1245 556 silvestrium;
1271 506 1468 547 audierat
1491 520 1620 562 quam

130 593 299 626 secreta
340 593 488 625 essent
524 584 770 626 istiusmodi
806 583 1016 632 concilia,
1053 591 1231 623 noverat
1267 590 1454 639 quantae
1489 581 1620 621 nimia

129 661 386 703 curiositate
427 677 525 702 cum
577 660 1012 702 subauscultantibus
1055 675 1300 715 arcanaque
1338 658 1623 714 intercipien-

130 739 250 779 tibus
286 754 451 795 poenae
492 737 800 794 impenderent
838 753 845 777 :
881 737 957 778 sed
999 736 1108 777 nihil
1150 736 1306 776 horum
1349 733 1622 791 perpendere

130 815 298 865 volens,
323 815 468 855 omnia
494 814 658 855 monita
685 813 916 871 despexit:
951 831 971 852 «
997 813 1098 870 quia
1136 821 1254 854 recte
1282 827 1435 852 caecus
1465 810 1625 867 cupido

132 892 347 949 pingitur,
378 892 607 932 immemor
623 891 817 932 omnium
835 891 1092 947 phantasma
1117 905 1204 931 non
1228 897 1401 946 pensat,
1436 887 1623 929 ultorem

132 984 220 1009 non
249 968 382 1016 videt,
414 976 456 1008 et
478 983 588 1025 quae
617 967 765 1008 lumen
791 983 877 1008 non
902 967 1034 1008 habet
1061 966 1248 1008 offendit
1277 965 1551 1022 improvidus
1583 983 1619 1004 ».

134 1046 226 1087 Sub
242 1060 489 1102 vesperum,
505 1043 620 1085 redit
636 1044 689 1084 ad
705 1060 966 1101 cauponam,
987 1044 1104 1084 intro
1118 1042 1157 1083 vi
1175 1050 1395 1100 penetrat,
1415 1050 1456 1082 et
1473 1057 1626 1098 quarn-

133 1122 197 1163 vis
212 1123 404 1180 graviter
419 1121 579 1169 laesus,
597 1130 688 1162 tum
706 1120 917 1171 calcibus,
935 1129 1024 1161 tum
1042 1119 1221 1176 pugnis,
1240 1135 1262 1160 a
1279 1119 1485 1175 nymphis
1498 1118 1625 1159 auda-

132 1199 225 1240 ciae
250 1199 292 1239 in
310 1199 391 1239 hoc
413 1198 566 1239 saltem
583 1198 739 1248 virilis,
761 1198 941 1254 «ipsam
960 1198 1074 1253 rapit
1097 1213 1116 1237 a
1141 1212 1224 1253 qua
1241 1196 1410 1252 rapitur
1435 1213 1473 1235 ».
1496 1195 1626 1237 Solus

133 1292 233 1317 cum
262 1276 380 1317 dulci
408 1275 588 1333 praeda,
615 1276 760 1332 Eques
782 1274 1048 1315 christianae
1080 1273 1293 1315 castitatis
1323 1280 1557 1329 praecepta
1586 1281 1627 1313 et

135 1353 400 1394 urbanitatis
431 1352 552 1410 leges
584 1352 810 1400 omittens,
850 1369 871 1390 «
906 1367 954 1392 ea
982 1367 1062 1408 pro
1093 1359 1193 1391 voto
1225 1350 1368 1390 tribus
1400 1349 1557 1390 diebus
1586 1357 1625 1389 et

136 1430 340 1471 noctibus
382 1445 486 1471 usus
521 1437 610 1478 est;
650 1429 830 1469 verbum
881 1429 934 1468 ab
967 1443 1013 1469 ea
1046 1436 1310 1485 extorquere
1342 1442 1429 1467 non
1459 1426 1625 1482 potuit;

135 1522 260 1565 passa
284 1515 431 1548 tamen
453 1514 520 1547 est
544 1520 763 1546 consensu
786 1504 961 1561 placido
982 1520 1188 1545 venerem
1209 1503 1446 1560 voluptatis
1472 1504 1565 1559 ejus
1586 1520 1624 1543 ».

136 1584 303 1637 Quarta
345 1583 431 1633 die,
479 1582 687 1640 nympha,
737 1582 781 1623 in
821 1582 1015 1623 animum
1049 1581 1264 1622 inducens
1312 1596 1400 1621 non
1439 1580 1628 1637 amplius

136 1670 299 1711 tacere,
330 1661 398 1702 his
419 1660 566 1701 verbis
587 1668 805 1701 amantem
830 1659 1017 1700 allocuta
1040 1667 1105 1699 est
1125 1677 1134 1709 ;
1165 1666 1317 1715 utpote
1341 1674 1469 1715 quam
1504 1657 1626 1698 vicis-

137 1747 237 1780 sent
264 1747 411 1779 tantae
442 1736 625 1778 deliciae
651 1754 658 1776 :
687 1754 707 1775 α
734 1735 876 1783 Salve,
903 1735 1157 1777 dulcissime
1187 1735 1268 1785 mi;
1294 1743 1336 1776 et
1359 1734 1501 1775 salvus
1524 1734 1626 1783 eris,

138 1824 183 1857 et
227 1830 441 1872 prospero
494 1821 608 1854 statu
654 1828 869 1870 personae
922 1828 1158 1870 rerumque
1211 1812 1440 1871 gaudebis,
1491 1811 1631 1852 donec

140 1891 510 1949 improperaveris
539 1890 647 1931 mihi
681 1898 753 1931 aut
796 1905 971 1930 sorores
1000 1905 1021 1930 a
1054 1890 1214 1948 quibus
1244 1897 1367 1946 rapta
1408 1904 1521 1936 sum,
1559 1896 1631 1928 aut

138 1970 282 2011 locum
312 1976 386 2009 aut
407 1967 553 2009 lucum
574 1966 708 2015 unde,
735 1975 807 2008 aut
837 1966 980 2024 aliqua
1015 1967 1192 2008 circiter
1214 1965 1346 2015 illud;
1385 1982 1407 2006 a
1438 1965 1508 2006 die
1531 1981 1632 2005 vero

139 2046 212 2087 illa
241 2044 419 2087 decides
445 2061 467 2086 a
491 2044 714 2092 felicitate,
746 2060 903 2101 meque
926 2043 1094 2085 sublata
1113 2043 1380 2084 detrimento
1412 2042 1632 2099 frequenti

139 2122 334 2172 deficies,
379 2121 584 2179 diemque
625 2130 748 2162 tuum
785 2121 1121 2178 importunitate
1167 2128 1240 2160 tua
1280 2119 1558 2176 praevenies.
1610 2137 1630 2157 »

142 2202 251 2242 Tum
273 2199 439 2240 laetitia
467 2199 662 2256 gestiens
698 2214 830 2255 eques
854 2213 899 2239 se
920 2199 1040 2254 jurat
1061 2197 1293 2254 promissis
1322 2197 1414 2237 sore
1437 2196 1630 2243 fidelem,

143 2285 187 2318 et
208 2277 372 2318 amicae
396 2275 727 2335 invigilaturum
759 2292 766 2315 :
799 2274 975 2324 deinde,
1007 2282 1246 2315 convocata
1277 2290 1456 2314 suorum
1486 2273 1631 2319 turba,

143 2353 374 2395 celebrant
388 2353 517 2394 ambo
533 2368 691 2410 magno
709 2360 922 2409 apparatu
943 2352 1120 2408 nuptias
1140 2367 1147 2391 :
1169 2351 1275 2408 quin
1299 2351 1428 2392 etiam
1450 2350 1635 2408 Angliae

145 2446 294 2489 regem
317 2429 506 2471 Edricus
528 2428 703 2470 mirifici
725 2436 906 2470 eventus
935 2428 1159 2479 admonet,
1190 2436 1233 2468 et
1260 2443 1437 2468 uxorem
1461 2427 1635 2468 festinat

143 2507 210 2549 illi
241 2515 387 2548 notam
422 2506 580 2547 facere.
609 2524 629 2545 «
663 2506 863 2565 Contigit
885 2505 1166 2562 postmodum
1190 2505 1393 2561 plurimis
1426 2503 1636 2544 revolutis

146 2584 273 2625 annis
318 2582 436 2640 quod
483 2583 668 2624 Edricus
709 2590 864 2623 venatu
903 2597 1103 2623 reversus
1138 2582 1252 2622 circa
1285 2582 1458 2621 tertiam
1496 2580 1637 2621 noctis

148 2661 299 2702 horam
323 2659 565 2716 quaesitam
589 2675 682 2700 eam
712 2674 800 2700 non
830 2659 1089 2706 invenisset,
1114 2659 1283 2700 vocavit
1304 2674 1396 2699 eam
1426 2666 1468 2698 et
1494 2657 1639 2698 vocari

142 2737 292 2795 jussit,
325 2736 538 2792 tardeque
559 2736 807 2777 venientem
832 2736 970 2776 iratus
994 2735 1171 2776 intuens
1195 2735 1253 2775 ait
1285 2751 1292 2774 ε
1327 2752 1346 2772 «
1372 2733 1594 2791 Numquid
1617 2749 1636 2773 a

151 2832 173 2854 «
202 2815 428 2856 sororibus
450 2813 536 2854 tuis
558 2812 724 2854 tamdiu
747 2811 924 2853 detenta
947 2828 993 2853 es
1019 2830 1038 2850 ³>
1065 2821 1107 2853 et
1129 2820 1272 2852 cetera
1300 2811 1440 2868 jurgia
1465 2811 1567 2851 fecit
1597 2810 1638 2850 iu
