1842 3288
243 294 299 322 194
736 300 786 324 DE
820 299 1044 326 WALTERIO
1080 300 1236 326 ΜΑΡΡΙΟ

237 384 412 440 scriptis
454 382 716 425 conflantur.
760 386 1001 426 Normanni
1042 400 1188 426 secum
1237 386 1279 426 in
1322 387 1504 428 navibus
1545 387 1728 429 advexe-

235 469 330 500 rant
378 476 463 501 non
510 470 677 502 tantum
723 477 838 502 arma
890 471 932 503 et
977 470 1137 502 statum
1186 462 1433 518 politicum,
1481 464 1557 505 sed
1598 465 1725 506 etiam

234 537 369 577 bonas
409 546 541 578 artes.

294 613 368 654 Illa
421 630 526 673 ergo
574 625 773 671 poemata
812 632 922 672 opus
954 616 1013 656 De
1053 615 1212 672 mgis,
1258 624 1303 656 ut
1343 616 1551 657 historica
1591 617 1725 658 docu-

232 700 392 739 menta,
443 692 681 749 complent.
729 693 908 733 Lumine
952 693 1033 733 etsi
1075 692 1244 733 incerto
1291 692 1523 734 illustrant
1561 702 1720 742 motus,

231 768 407 824 quib'us,
434 769 477 809 in
512 770 680 810 artibus
709 769 937 810 litterariis
967 778 1009 810 et
1038 769 1269 826 religione,
1300 769 1475 811 saeculo
1503 775 1598 822 xn⁰‚
1630 770 1725 830 agi-

233 845 435 885 labantur
485 846 682 887 civitates
732 846 871 887 adhuc
920 846 1126 887 incultae.
1179 846 1341 887 Eadem
1399 847 1476 887 has
1529 846 1723 904 anglicas

230 921 357 962 simul
405 930 446 962 et
499 938 762 963 normannas
816 922 1051 964 litterarias
1105 932 1222 964 artes
1277 923 1430 963 leviter
1482 923 1723 964 ostendunt

227 998 496 1039 adulterinas
531 1015 624 1040 esse
668 1008 795 1056 atque
837 999 1047 1050 caducas;
1084 1016 1217 1056 quum
1253 1000 1419 1040 interea
1444 994 1547 1040 'non
1588 1015 1720 1056 parvo

225 1075 352 1115 nobis
383 1076 470 1116 sint
505 1076 664 1117 auxilio
697 1076 749 1117 ad
784 1077 1134 1135 dignoscendum
1171 1093 1281 1133 quac
1316 1078 1386 1119 W.
1422 1076 1589 1134 Mappii
1618 1093 1718 1118 sen-

222 1152 398 1202 tentiae,
431 1153 527 1209 quis
554 1153 691 1209 stylus
722 1154 867 1195 fuerit.
903 1155 1021 1206 Quae
1051 1170 1167 1195 nunc
1197 1162 1297 1194 sunt
1326 1153 1654 1194 examinanda¹.

940 1356 997 1397 ΙΙΙ

278 1465 533 1506 Poematum
558 1465 733 1507 illorum
758 1466 1019 1507 litterarium
1050 1467 1242 1523 pretium
1272 1467 1416 1523 pretio
1451 1466 1704 1508 eorumdem

218 1541 430 1582 historico
453 1542 597 1599 impar
625 1559 727 1584 sane
757 1552 837 1584 est.
875 1544 993 1584 Idem
1020 1544 1072 1585 (le
1103 1543 1241 1602 Nugis
1270 1545 1357 1600 jam
1389 1559 1519 1600 supra
1546 1543 1708 1584 dictum

217 1627 296 1659 est.
323 1619 387 1659 Ibi
416 1619 576 1660 frustra
598 1622 797 1677 requiras
826 1621 892 1661 vel
922 1621 1040 1662 illam
1070 1622 1385 1662 humanitatem
1417 1636 1527 1677 quae
1555 1628 1707 1678 tangat

214 1695 398 1745 animos,
442 1696 509 1737 vel
549 1713 670 1737 acres
713 1699 956 1739 sententias
997 1698 1196 1739 versibus
1238 1706 1503 1738 contractas.
1547 1698 1625 1738 Est
1661 1698 1705 1738 in

211 1772 297 1813 illis
326 1773 604 1829 poematibus
633 1775 782 1815 nescio
811 1774 918 1832 quid
952 1775 1128 1823 incerti,
1165 1773 1413 1831 impediens
1445 1789 1498 1815 ne
1526 1773 1705 1815 lectoris

212 1848 397 1902 animus,
423 1859 633 1907 quantum
663 1852 832 1908 sperari
861 1860 1025 1908 posset,
1056 1860 1396 1892 commoveatur.
1423 1852 1486 1892 Ex
1515 1850 1604 1891 illis
1633 1859 1705 1892 aut

207 1935 360 1983 poetae
401 1943 651 1984 personam,
695 1937 767 1969 aut
807 1931 900 1985 ejus
945 1928 1213 1985 peculiarem
1250 1928 1447 1985 corporis
1480 1928 1694 1978 habitum,

205 2013 277 2044 aut
304 2013 467 2045 certam
491 2013 675 2046 aetatem
706 2005 864 2046 frustra
894 2015 1088 2047 tentares
1117 2007 1356 2062 conjicere.
1386 2005 1580 2057 Quorum
1602 2021 1696 2045 ver—

205 2080 332 2121 siculi
370 2097 448 2122 nec
484 2081 776 2123 adolescentis
810 2083 952 2123 varios
988 2082 1218 2133 tumultus,
1260 2091 1390 2139 atque
1428 2081 1694 2138 multiplices

204 2157 338 2198 animi
373 2174 544 2208 sensus,
586 2174 666 2200 nec
698 2160 777 2200 viri
807 2161 961 2200 aetatis
1001 2160 1253 2200 maturioris
1295 2174 1521 2200 amoenam
1552 2158 1692 2199 tristi-

203 2235 307 2275 tiam
335 2251 382 2275 ac
410 2225 693 2277 vehementes
723 2237 964 2277 sententias
993 2252 1097 2292 prae
1128 2252 1173 2277 se
1202 2236 1361 2277 ferunt.

262 2311 538 2368 Dispiciendi
579 2312 693 2353 enim
730 2313 915 2354 maxima
950 2313 1193 2370 pertinacia
1228 2321 1345 2364 sunt,
1383 2313 1418 2353 si
1456 2327 1535 2369 pro
1572 2320 1690 2352 certo

202 2388 476 2444 exploratum
523 2389 684 2430 habere
724 2390 831 2430 velis
873 2390 1096 2449 designari
1138 2391 1180 2430 in
1222 2389 1310 2430 illis
1351 2397 1517 2429 certum
1559 2389 1687 2445 hujus

237 2531 264 2561 1.
290 2546 301 2555 ιι
331 2531 513 2562 Cambriae
535 2533 692 2573 Epitome
761 2534 788 2563 si
817 2534 918 2574 hujus
948 2535 1062 2574 operis
1084 2534 1264 2564 nobiscum
1287 2544 1457 2574 agnoscas
1479 2532 1684 2563 authentici-

193 2582 309 2616 tatem,
338 2590 426 2609 novo
455 2586 659 2620 argumento
687 2585 790 2616 esset,
819 2582 922 2619 quod,
952 2581 1121 2621 quidquid
1153 2581 1367 2611 contrarium
1402 2581 1532 2610 dictum
1567 2579 1682 2612 fuerit.

193 2626 240 2656 W.
263 2626 402 2667 Mappio
424 2631 523 2658 notae
549 2629 676 2658 suerint
703 2629 743 2658 de
767 2629 886 2658 Mensa
912 2629 1069 2660 Rotunda
1096 2629 1244 2659 fabulae.
1268 2629 1403 2659 Etenim
1427 2628 1567 2658 Arthuri
1591 2627 1684 2667 regis

187 2676 218 2702 et
240 2673 376 2703 Merlini
397 2674 536 2704 nomina
557 2674 605 2704 ibi
627 2675 833 2705 nominatim
860 2677 1060 2706 referuntur
1088 2687 1092 2705 z

616 2740 732 2766 Arlhuri
751 2742 827 2774 regis
846 2747 985 2774 tempore.

616 2783 799 2815 Prophetavit
819 2783 945 2816 apertius
952 2802 957 2811 ,

616 2824 704 2852 Quam
723 2824 860 2848 merlinus
875 2824 1055 2849 Ambrosius.

1111 2867 1256 2899 rpl’acnmzn,
1280 2875 1306 2899 ι).
1327 2866 1384 2894 142,
1400 2865 1434 2891 Υ.
1458 2864 1519 2893 305,
1534 2864 1607 2896 3084
