1873 3329
536 308 585 333 DE
620 308 826 333 unxina-:nii
864 309 1003 333 MAri‘ii
1043 309 1133 332 vri]
1538 308 1575 333 tit·

96 392 333 433 Ecclesiam
359 392 628 433 Catliolicam
665 410 684 432 a
721 401 835 432 reeta
860 393 921 432 via
959 393 1207 432 av«·1·1‹·l›;1111
1239 410 1244 430 t
1282 414 1298 427 ι(
1336 395 1577 435 Convenie-

95 469 198 509 bant
219 468 273 509 ad
295 485 390 509 eum
415 469 529 509 cives
568 478 608 509 et
638 469 826 508 libenter
859 485 952 508 euin
985 468 1274 509 audiebant...
1309 472 1574 527 (langiu-gaii

95 545 270 585 suntad
295 545 469 585 Curiam
495 554 531 585 et
554 545 719 603 jurgati
744 553 893 584 eontra
921 546 1151 585 Dominum
1180 547 1333 602 l'apaui
1360 555 1396 585 et
1424 548 1576 588 (jai-‹li-

96 621 232 673 miles,
275 622 470 662 dicentes
505 621 743 663 Arnaldum
788 621 924 661 virum
962 622 1122 661 bouum
1160 631 1196 661 et
1231 625 1412 677 justum,
1459 625 1575 680 ipsos

95 714 261 745 avaros,
295 700 481 755 injustos
502 706 543 738 et
569 698 718 742 malos,
744 698 881 754 etqui
916 714 1000 737 non
1030 707 1176 738 essent
1210 699 1279 738 lux
1312 701 1474 745 mundi,
1503 702 1575 741 sed

96 775 213 816 saex¹
265 793 302 814 ».
367 774 594 815 Seditione
652 775 874 819 restincta,
925 774 1166 814 Arnaldum
1220 776 1330 831 l‘apa
1375 778 1574 832 protinus

95 851 488 892 excommunicavit
541 851 899 907 haereticumque
953 851 1240 891 denuntiavit.
1293 856 1388 903 Quo
1441 853 1573 898 dieto,

96 929 300 986 Mappius
342 937 521 985 repente
576 927 690 975 silet,
730 944 871 984 neque
914 927 1002 967 ullo
1040 928 1172 968 verbo
1219 929 1432 984 vituperat.
1479 946 1573 969 eum

95 1021 242 1062 quem,
275 1005 400 1045 initio
437 1005 718 1051 narrationis,
758 1004 960 1044 laudibus
993 1005 1160 1044 meritis
1203 1015 1460 1060 prosecutus
1494 1016 1572 1046 est.

95 1081 333 1128 Arnaldus,
373 1090 418 1122 ut
450 1082 543 1138 ipsc
577 1082 805 1137 Magister,
845 1082 1003 1121 eminet
1042 1082 1155 1121 inter
1184 1083 1297 1121 viros
1335 1083 1448 1123 illius
1488 1085 1577 1123 aevi

95 1175 280 1216 quorum
335 1158 420 1199 fato
473 1174 826 1205 commovemur,
862 1158 1026 1215 quippe
1059 1159 1148 1214 qui,
1197 1160 1402 1217 gentibus
1438 1160 1577 1199 adliue

95 1236 311 1284 barbaris,
355 1235 512 1275 solutis
554 1244 595 1275 et
646 1235 834 1275 turbatis
876 1235 1097 1282 omnibus,
1142 1236 1306 1292 sopitas
1354 1236 1577 1276 hominum

97 1321 265 1353 mentes
290 1311 433 1353 fovere
457 1322 499 1353 et
521 1312 688 1352 animos
713 1311 930 1352 adducere
953 1321 998 1352 ut
1020 1312 1251 1369 religiosae
1275 1313 1385 1353 vitae
1410 1313 1579 1369 legibus

98 1389 252 1430 melius
270 1397 478 1446 parerent
500 1389 604 1430 totis
632 1389 800 1429 viribus
836 1389 979 1429 conati
1010 1398 1125 1429 sunt.
1167 1390 1260 1430 Non
1298 1390 1390 1429 sine
1426 1390 1579 1430 intimo

96 1465 402 1506 admirationis
439 1481 569 1506 sensu
605 1466 809 1522 Mappius
850 1465 903 1506 de
938 1464 1168 1522 discipulis
1209 1466 1417 1507 Abelardi
1453 1482 1580 1506 eons-

96 1551 242 1583 tantcr
274 1542 372 1583 fidis
405 1543 634 1583 nobiscum
667 1542 772 1599 agit,
808 1558 887 1583 nec
919 1542 1013 1583 sine
1048 1543 1108 1583 ira
1147 1561 1166 1582 «
1192 1544 1302 1583 Boni
1334 1544 1578 1601 Magistri»

97 1620 445 1660 adversariorum
477 1620 689 1660 meminit.
724 1618 962 1660 (laufridus
984 1619 1397 1668 Autissiodorensis,
1427 1621 1500 1676 qui
1530 1621 1581 1660 ab

98 1692 319 1737 Abelardo
344 1696 572 1755 digressus
595 1704 687 1736 erat
714 1704 760 1736 ut
782 1712 893 1737 unus
917 1696 1041 1737 fieret
1069 1712 1090 1737 e
1114 1696 1344 1753 discipulis
1367 1696 1580 1737 Bernardi

97 1771 437 1814 Clarovallensis
461 1773 609 1827 (vitam
637 1772 767 1813 etiam
791 1773 929 1813 sancti
952 1772 1033 1813 viri
1057 1772 1171 1812 idem
1207 1781 1357 1829 postea
1388 1772 1581 1829 scripsit)

97 1849 245 1906 lepido
285 1849 453 1906 Mappii
485 1849 619 1899 dicto,
652 1850 775 1906 quasi
808 1849 913 1899 telo,
948 1849 991 1889 in
1026 1849 1138 1890 libro
1176 1851 1234 1890 Dc
1266 1850 1406 1907 Nugis
1444 1850 1582 1907 impe-

97 1926 249 1967 titur?
290 1926 378 1967 Sed
419 1927 462 1967 in
505 1927 713 1968 Sanctum
755 1926 1047 1977 Bernardum,
1086 1927 1159 1983 qui
1195 1926 1414 1967 Abelardo
1451 1927 1583 1967 malc-

98 2002 283 2054 dixerat,
339 2003 573 2060 increpans
621 2019 717 2043 cum
771 2003 1102 2044 Antechristum
1156 2012 1198 2044 et
1256 2003 1580 2044 mendaciorum

101 2079 443 2120 machinatorem
469 2095 581 2131 esse,
613 2080 688 2137 qui
715 2079 968 2121 clamitabat
991 2080 1106 2120 hunc
1138 2098 1158 2119 «
1190 2081 1356 2120 esurire
1385 2089 1426 2120 et
1461 2080 1582 2121 sitire

101 2156 363 2215 sanguinem
398 2157 668 2197 animarum³
697 2174 737 2207 »‚
780 2157 854 2213 qui
892 2172 1040 2197 senem
1073 2165 1169 2197 ante
1197 2156 1369 2212 judices
1397 2156 1583 2197 Concilii

101 2233 374 2274 Senonensis
416 2233 634 2290 protraxit
681 2242 723 2274 ct
767 2233 929 2274 victum
976 2242 1107 2290 caput
1150 2233 1380 2274 demittere
1423 2234 1581 2291 coegit,

99 2308 272 2366 culpam
306 2309 567 2367 praesertim
604 2309 776 2350 confert
809 2310 1030 2367 Mappius.
1063 2311 1187 2351 Nunc
1228 2309 1281 2350 dc
1314 2309 1387 2350 illo
1427 2309 1533 2350 dicit
1574 2326 1579 2348 :

99 2402 121 2424 «
163 2386 328 2426 Lucere
362 2386 509 2442 coepit
543 2385 658 2426 inter
698 2385 822 2435 alios⁷
871 2386 957 2426 imo
999 2402 1130 2443 super
1165 2386 1288 2437 alios,
1330 2395 1377 2426 ut
1411 2386 1586 2428 Lucifer

100 2461 214 2503 inter
243 2470 458 2503 nocturna
489 2462 648 2513 sidera,
682 2463 746 2503 vir
776 2462 1054 2519 eloquentiae
1083 2471 1327 2519 promptae,
1360 2463 1433 2519 qui
1465 2462 1586 2519 bigas

99 2538 371 2580 circumduci
414 2555 492 2595 per
526 2539 724 2580 civitates
766 2548 807 2579 et
844 2538 1022 2580 castella
1051 2539 1254 2589 faciebat,
1294 2548 1510 2595 quatenus
1543 2538 1585 2578 in

140 2661 171 2692 1.
196 2664 242 2692 De
266 2661 383 2703 Nugis,
406 2672 438 2702 p.
454 2663 505 2692 43.

139 2709 171 2739 2.
192 2709 288 2746 Quae
308 2720 370 2749 per
394 2720 470 2740 eum
499 2710 628 2741 fiebant
644 2710 812 2740 miracula
833 2710 1022 2742 Gauri-idus
1043 2709 1357 2740 Autissiodorensis
1386 2709 1559 2739 scribebat
1580 2719 1586 2738 :

99 2756 165 2797 ipsi
180 2756 318 2787 credite.
338 2758 397 2789 (De
418 2757 536 2797 Xugis,
562 2768 595 2797 p.
619 2758 685 2796 41.)

139 2804 169 2833 3.
192 2803 302 2844 Epist.
325 2804 397 2839 195,
419 2806 490 2839 331,
514 2806 584 2838 335,
608 2806 678 2835 338.
699 2822 738 2826 —
762 2804 963 2836 (laufridus.
995 2804 1064 2834 Vita
1087 2804 1203 2833 Sancti
1232 2802 1412 2833 liet-nardi.
1435 2803 1507 2832 Lib.
1529 2803 1585 2836 lll,

98 2860 175 2891 cap.
200 2860 234 2887 v,
255 2861 337 2891 pag.
362 2852 394 2881 4.
