1873 3329
702 281 938 307 Pnouisssuni
1549 281 1565 309 7

79 365 282 408 ecclesiis
310 381 378 406 ars
405 381 529 414 nova,
551 367 639 422 jam
663 365 858 422 perfecta
881 374 922 406 et
944 366 1141 406 absoluta
1159 368 1185 405 ¹.
1214 366 1266 406 Ut
1289 382 1338 406 ex
1361 367 1563 407 Abelartli

83 441 458 500 praelectionibus
508 442 815 499 germinarunt
861 442 1020 483 latinae
1068 442 1242 498 linguae
1291 445 1564 488 restauratio,

83 519 347 576 ingeniaque
389 519 594 566 humana,
632 519 758 576 quasi
798 535 908 559 novo
950 519 1127 560 stimulo
1168 520 1435 560 indiversus
1482 521 1568 561 rias

83 596 290 653 instigata
349 604 502 646 erant;
552 596 609 636 ita
654 596 793 652 ignoti
848 597 918 636 isti
965 597 1248 636 coementarii
1301 598 1569 638 Parisii-uses

84 672 438 714 omnimodarum
482 671 732 713 scholarum
778 673 979 728 germina
1027 682 1268 729 posuerunt
1304 690 1311 713 :
1356 690 1570 729 apparue-

87 757 188 790 runt
231 748 494 806 sculptores,
544 749 618 804 qui
660 750 748 804 jam
797 749 839 788 in
882 749 1057 789 ultimae
1096 750 1410 790 arcliiteetmm·
1442 772 1456 785 u
1500 767 1569 789 ro-

89 841 238 866 manae
270 843 290 865 »
327 825 468 866 dictae
515 840 661 874 cursu,
705 825 888 880 abjectis
927 825 1162 866 ordinariis
1209 835 1250 866 et
1296 826 1348 865 (le
1389 827 1568 882 antiquo

88 918 210 943 more
237 901 526 952 ornamentis,
563 901 615 942 ad
657 902 848 959 ingenua
882 902 1160 942 decoramina
1197 918 1428 959 rerumqm¹
1458 903 1569 943 veri—

86 987 219 1020 tatem
256 978 525 1020 diverterant
558 996 567 1020 :
603 979 678 1019 sed
722 987 950 1035 praeterea
982 979 1108 1019 nobis
1145 979 1418 1035 reliquerunt
1451 979 1566 1019 illam

87 1056 342 1096 immensam
361 1055 690 1096 multitudinem
708 1064 948 1096 statuarum
979 1072 1088 1112 quac
1112 1056 1260 1096 Remis
1284 1065 1323 1095 et
1347 1057 1567 1104 Ambiani,

86 1132 131 1173 in
177 1131 280 1173 fidei
324 1131 592 1173 christianae
631 1132 831 1183 tutelam,
871 1132 996 1188 quasi
1036 1131 1243 1173 excubias
1280 1132 1570 1187 sempiternas

86 1224 216 1267 agere
238 1208 458 1250 videntur.
490 1209 688 1250 Fuerunt
717 1217 944 1265 praeterea
975 1209 1170 1266 pictores
1193 1218 1439 1256 ornatores,
1465 1225 1572 1265 quo—

89 1302 183 1327 rum
230 1286 515 1342 byzantinum
562 1285 761 1343 picturae
809 1285 985 1327 modum
1040 1285 1182 1326 adhuc
1222 1285 1370 1326 videre
1418 1294 1484 1326 est
1531 1286 1571 1326 in

89 1362 276 1404 ecclesia
321 1363 675 1413 Sancti-Savini;
719 1363 928 1404 nimirum
965 1362 1140 1403 intimas
1188 1370 1334 1419 partes
1372 1363 1568 1418 picturae

89 1439 236 1481 colore
281 1439 455 1481 ardenti
497 1439 757 1490 illustratas,
807 1439 1015 1490 candore,
1059 1455 1145 1480 non
1186 1455 1290 1480 auro
1337 1439 1569 1496 fulgentes.

89 1517 288 1558 Fuerunt
318 1516 510 1574 denique
531 1517 701 1558 vitrarii
728 1517 938 1574 pictores,
971 1517 1046 1574 qui
1075 1516 1266 1573 posteris
1290 1516 1568 1556 tradiderunt

91 1608 249 1634 novum
295 1592 519 1651 quoddam
565 1609 705 1650 genus
757 1593 1036 1642 tenellarum,
1092 1610 1113 1633 e
1162 1593 1264 1633 vitri
1317 1592 1573 1649 fragmentis

89 1669 296 1711 coloratis
335 1669 607 1727 plumboque
654 1670 853 1729 religatis
890 1670 1199 1727 compositum,
1243 1670 1481 1726 pertinacis
1516 1669 1573 1710 la-

88 1747 208 1788 boris
244 1747 511 1804 exemplaria
540 1748 672 1788 simul
704 1756 747 1788 et
780 1748 885 1788 artis
914 1748 1129 1788 humanae
1166 1747 1392 1788 miracula.
1436 1751 1571 1798 Quam

89 1825 392 1866 brevissimam
438 1825 821 1865 enumerationem
875 1825 912 1865 si
965 1824 1303 1881 expleverimus,
1353 1824 1574 1864 mentione

90 1900 200 1942 saeta
228 1901 282 1942 de
313 1901 700 1943 Lemovisensibus
735 1901 907 1942 smaltis
946 1910 989 1942 et
1014 1901 1366 1942 pictaviensibus
1394 1900 1574 1941 volami-

89 1978 234 2035 nibus,
277 1978 394 2020 circa
429 1978 503 2019 x11i
541 1978 705 2020 saeculi
743 1978 872 2019 finem
903 1980 990 2034 jam
1041 1978 1153 2019 sama
1187 1978 1320 2028 notis,
1359 1977 1575 2018 constabit

90 2070 192 2096 sane
244 2055 361 2096 haud
412 2055 698 2097 immodicum
740 2071 835 2096 esse
884 2073 904 2094 «
954 2055 1140 2112 primam
1190 2055 1514 2095 renovationem
1555 2071 1573 2091 »

90 2149 242 2174 vocare
282 2133 458 2174 brevius
489 2133 599 2174 illud
633 2133 846 2190 temporis
880 2132 1071 2188 spatium
1107 2147 1194 2188 quo
1226 2131 1368 2172 Gallia
1402 2129 1574 2171 vincula

91 2209 359 2252 l'eudalitatis
381 2210 561 2260 excutit,
594 2226 694 2250 mox
715 2210 758 2251 in
776 2210 931 2266 longas
954 2209 1058 2250 belli
1077 2227 1097 2248 «
1117 2210 1303 2250 Centum
1321 2223 1534 2248 annorum
1554 2226 1573 2245 »

89 2286 441 2328 conflictationes
469 2287 713 2343 relapsura.

151 2363 332 2422 Triplex
373 2363 448 2405 illa
487 2364 603 2405 circa
650 2380 718 2405 res
762 2371 1050 2411 mercaturae,
1100 2362 1408 2420 philosophiae
1448 2369 1575 2417 atque

88 2442 248 2482 artium
270 2441 556 2482 honestarum
581 2439 815 2491 industria,
837 2440 1038 2480 homines
1055 2455 1076 2479 e
1093 2438 1295 2496 disperso
1313 2437 1576 2478 feudalitatis

90 2515 300 2582 regimini
326 2526 518 2575 ereptos,
543 2517 597 2558 ad
629 2532 905 2558 communem
935 2516 1188 2565 societatem
1216 2514 1406 2571 impulit,
1441 2529 1577 2570 eoque

94 2593 197 2635 sacti
214 2602 316 2635 sunt
338 2603 516 2636 suorum
534 2594 735 2635 dolorum
754 2593 1001 2649 viriumque
1025 2608 1198 2633 suarum
1225 2591 1362 2647 magis
1384 2589 1574 2639 conscii;

136 2738 165 2769 1.
187 2738 379 2769 Admonere
399 2738 564 2769 lectorem
581 2737 719 2768 omnino
736 2738 951 2777 superfluum
970 2736 1118 2772 videtur,
1141 2735 1395 2765 architecturae
1417 2734 1577 2774 gothicae

92 2789 242 2826 quatuor
263 2785 370 2816 fuisse
392 2785 589 2816 successiva
607 2795 734 2825 genera
751 2795 757 2814 2
775 2783 1005 2824 primitivum,
1023 2783 1264 2818 lanceolatum,
1282 2782 1453 2812 radiatum
1477 2785 1578 2820 atque

93 2833 306 2864 flammeum.
326 2833 493 2874 Quodque
514 2843 624 2873 genus
649 2831 787 2862 saeculo
808 2832 876 2861 sere
894 2840 961 2861 uno
983 2830 1189 2860 continetur.
