1842 3288
230 288 288 318 144
726 292 777 317 DE
809 292 1033 318 WALTERIO
1069 292 1226 318 MAPPIO

290 378 448 419 Iisdem
472 378 690 433 etiamque
714 378 852 435 magis
875 377 1129 434 conspicuis
1152 377 1330 418 dotibus
1359 378 1473 435 apud
1497 378 1723 435 Mappium

229 456 429 511 dialogus
446 453 797 503 commendatur,
818 454 982 511 quippe
1000 470 1261 511 responsum
1279 470 1492 510 responso
1508 455 1721 503 succedit,

231 532 424 572 alternae
445 547 573 571 voces
596 539 715 571 tanta
746 530 971 572 celeritate
996 530 1280 587 implicantur
1304 539 1348 570 ut
1379 530 1565 572 fabulam
1588 531 1724 573 comi-

231 624 322 648 cam
345 617 387 648 te
415 608 561 664 legere
590 616 734 664 putes,
768 623 849 648 nee
877 607 1037 648 desunt
1066 608 1107 647 in
1137 607 1296 664 quibus
1326 616 1492 659 auctor,
1528 624 1595 648 res
1632 624 1726 648 see-

234 685 352 725 nicas
390 684 577 724 feliciter
610 693 820 733 tractans,
865 684 1033 741 aliquid
1076 686 1214 740 majus
1249 684 1590 743 chronographo
1631 700 1725 725 esse

231 762 420 803 videtur.
454 762 514 802 Ne
556 761 698 818 plura,
731 777 859 818 quam
893 761 1033 811 decet,
1078 762 1370 817 proferamus,
1409 777 1494 801 uno
1525 761 1726 818 exemplo

234 847 422 879 utemur.
478 837 647 897 Regina
696 837 909 893 quaedam
958 838 1000 878 in
1043 838 1187 878 mariti
1235 837 1302 878 sui
1361 837 1724 888 commilitonem,

236 915 413 956 nomine
443 914 640 964 Sadium,
665 930 811 954 amore
840 915 1123 955 veliementer
1148 923 1385 955 exarserat.
1419 915 1499 956 Cui
1528 915 1572 955 in
1607 914 1730 955 cubi-

236 992 381 1033 culum
404 1000 556 1032 vocato
583 992 838 1047 Putipharls
864 1007 972 1032 uxor
1001 992 1137 1032 altera
1166 1008 1358 1032 amorem
1387 991 1570 1049 deteglt,
1601 1006 1731 1032 orans

237 1078 283 1110 ut
323 1085 400 1126 par
432 1069 529 1126 pari
552 1068 729 1109 referat.
772 1069 880 1110 Cum
909 1084 1011 1110 vero
1048 1068 1137 1119 ille,
1169 1069 1286 1125 quod
1322 1069 1513 1125 Josepho
1548 1068 1729 1125 profuit,

241 1149 423 1206 pallium
449 1164 535 1189 non
560 1149 742 1189 haberet
763 1148 807 1188 in
827 1157 1049 1205 promptu,
1071 1165 1123 1188 ne
1146 1149 1331 1189 amicum
1356 1148 1541 1199 falleret,
1564 1147 1732 1189 nullum

238 1226 371 1266 alium
405 1225 572 1266 invenit
611 1225 795 1275 exitum,
835 1234 1009 1282 praeter
1045 1226 1321 1266 mendacium
1362 1243 1369 1266 :
1408 1226 1586 1283 reginae
1628 1240 1733 1283 crgo

207 1335 217 1344 ,
240 1303 470 1344 confessus
494 1311 559 1343 est
582 1318 644 1353 se,
670 1302 820 1359 iniqua
845 1311 961 1343 sorte
985 1311 1200 1353 eoactum,
1221 1302 1451 1343 mulierum
1471 1302 1734 1343 commercio

241 1381 285 1420 in
315 1387 578 1437 perpetuum
615 1379 854 1419 abstinere.
893 1380 989 1431 Quo
1025 1395 1238 1436 responso
1274 1379 1460 1420 feminae
1489 1379 1618 1420 ardor
1647 1394 1735 1419 non

242 1457 315 1498 diu
339 1457 532 1496 minutus
557 1465 638 1507 est,
664 1455 811 1496 dolum
835 1457 950 1496 enim
975 1456 1296 1513 suspicabatur,
1326 1465 1368 1497 et
1395 1455 1632 1496 affirmanti
1655 1455 1737 1496 dil-

243 1534 398 1583 fidens,
435 1533 509 1573 uni
551 1549 571 1574 e
607 1533 780 1573 famulis
826 1533 1010 1573 maxime
1039 1533 1220 1574 arduum
1261 1533 1488 1591 negotium
1519 1532 1656 1581 dedit,
1694 1540 1738 1573 ut

244 1611 488 1668 inquireret
509 1625 666 1650 verane
690 1626 742 1650 an
767 1609 871 1650 salsa
896 1609 1081 1651 dixisset
1104 1610 1277 1652 Sadius.
1302 1610 1449 1652 Media
1470 1619 1615 1659 nocte,
1634 1609 1737 1650 dum

244 1687 502 1744 expectabat
530 1686 706 1727 audacis
736 1687 920 1727 ancillae
950 1687 1158 1739 reditum,
1189 1689 1319 1728 horas
1344 1687 1469 1728 duxit
1494 1688 1735 1735 insomnes,

245 1764 373 1805 modo
403 1780 592 1821 querens
622 1763 740 1820 quod
769 1763 896 1814 male,
936 1764 1065 1805 modo
1102 1765 1186 1805 sibi
1215 1764 1442 1823 gratulans
1477 1763 1596 1821 quod
1627 1764 1738 1804 bene

245 1841 335 1882 suis
363 1841 495 1881 rebus
527 1841 844 1890 consuluisset;
872 1841 1000 1881 modo
1030 1841 1228 1883 fortunae
1264 1841 1374 1882 freta
1405 1840 1582 1889 auxilio,
1610 1839 1740 1881 modo

247 1918 486 1976 angoribus
503 1918 637 1959 animi
656 1919 864 1959 cruciata.
885 1919 994 1959 Tum
1017 1927 1141 1959 vocat
1162 1935 1183 1959 e
1200 1920 1290 1960 suis
1313 1919 1503 1975 aliquam
1523 1935 1530 1958 :
1558 1936 1579 1957 ‹(
1598 1917 1736 1958 Heus!

247 1997 338 2047 Lal',
364 1994 539 2052 quando
560 1995 744 2036 recessit
766 1996 882 2036 Ero?
902 2021 960 2028 -
980 1997 1121 2047 Nune,
1147 1997 1191 2037 in
1214 1996 1358 2053 primo
1381 1995 1488 2053 galli
1515 2003 1660 2036 cantu.
1685 2021 1742 2025 —

249 2073 369 2125 Quae
387 2073 517 2113 missa
535 2072 795 2129 crepusculo
808 2074 815 2094 ¹
828 2073 845 2113 ἶ)
859 2099 916 2104 —
930 2073 998 2114 Ad
1014 2090 1127 2115 cum.
1154 2075 1299 2126 Quare
1310 2082 1399 2114 tam
1415 2073 1540 2114 sero?
1559 2099 1616 2103 —
1634 2074 1742 2113 Sero

250 2150 398 2200 missa,
435 2165 533 2190 sero
568 2149 746 2191 redibit.
777 2175 835 2181 -—
868 2151 1054 2191 Causam
1083 2159 1279 2192 nostram
1315 2159 1357 2191 et
1392 2166 1469 2191 eur
1503 2150 1558 2190 sit
1585 2149 1743 2189 emissa

249 2227 394 2268 nosti?
417 2253 474 2257 ——
494 2228 606 2278 Non,
633 2226 709 2267 sed
730 2228 820 2268 seio
849 2227 967 2284 quod
990 2243 1088 2268 cum
1111 2228 1231 2268 omni
1248 2227 1530 2268 festinatione
1555 2242 1601 2267 se
1619 2241 1743 2283 prae—

250 2304 432 2360 paravit,
465 2312 507 2344 et
527 2304 709 2360 opipare
739 2303 890 2345 festiva
920 2320 1106 2361 seroque
1136 2305 1334 2346 recessit.
1364 2330 1422 2335 --
1443 2304 1607 2345 Dolens
1636 2311 1701 2344 est
1731 2320 1739 2343 :

250 2380 363 2421 unde
402 2380 583 2421 festiva?
620 2406 678 2411 —-
717 2381 975 2430 Monilibus,
1013 2382 1204 2430 annulis,
1239 2382 1493 2440 unguentis,
1530 2395 1739 2438 purpura,

248 2458 395 2514 bysso,
423 2457 562 2506 sabio,
582 2457 831 2498 calamistro
858 2474 866 2498 ε
899 2474 978 2499 nee
995 2458 1033 2499 ei
1056 2458 1195 2499 defuit
1221 2475 1323 2500 aeus
1343 2458 1397 2499 ad
1412 2457 1665 2516 glabellam.
1687 2482 1745 2488 -—

248 2535 317 2575 Me
340 2534 567 2574 miseram!
590 2535 643 2575 ad
665 2534 772 2591 quid
795 2535 907 2576 hoc?
928 2537 1110 2578 —Vere
1133 2536 1300 2586 nescio,
1320 2535 1397 2577 sed
1420 2535 1583 2576 nullius
1606 2533 1744 2576 oblita

246 2610 328 2651 suit
350 2610 467 2667 quod
496 2610 550 2651 ad
572 2620 809 2652 amatorem
838 2612 977 2653 iturae
1006 2612 1218 2669 prodesse
1246 2621 1419 2669 posset3
1450 2620 1595 2661 uncta,
1631 2611 1736 2661 lota,

245 2696 434 2744 compta,
461 2696 698 2737 cerussata,
730 2687 859 2744 plene
881 2688 1086 2730 redimita
1115 2690 1321 2740 recessit3
1351 2689 1463 2730 nihil
1492 2704 1613 2739 aum,
1643 2703 1744 2728 ves-

292 2849 321 2881 1.
344 2849 399 2880 Sic
420 2850 454 2879 in
471 2849 615 2891 Wright
634 2850 796 2881 editione.
818 2850 1016 2891 Legendum
1036 2851 1153 2891 potius
1174 2867 1185 2877 «ι
1211 2852 1253 2882 ad
1275 2862 1353 2882 eum
1375 2866 1402 2882 n.
