1873 3329
347 336 398 362 1)ss
432 337 596 363 NOMINE
630 339 678 363 AC
715 339 763 363 nit
798 339 962 364 vunni's
997 338 1295 364 cociTA'rioxls
1507 335 1563 364 115

80 432 223 465 tamen
256 422 301 463 fit
343 431 386 462 ut
421 422 549 463 altius
589 423 820 479 procedat,
860 423 974 463 lente
1008 440 1055 463 ac
1098 423 1339 480 prudenter
1378 440 1563 480 progre-

80 500 216 550 ditur,
253 500 407 540 breves
438 500 722 540 svntvntiolas
752 500 949 556 apponit,
982 516 1090 556 qnae
1127 501 1241 541 inter
1270 517 1314 539 sc
1349 509 1419 540 aut
1453 502 1563 541 benc

80 586 152 618 aut
181 576 306 627 male,
339 577 512 633 saepius
543 577 667 623 male,
699 577 1007 625 continentum
1046 576 1278 634 allegorias
1312 578 1351 618 in
1388 578 1562 618 niodum

79 662 437 709 argumentorum
489 662 682 710 usurpat.
734 670 810 693 nec
859 669 1001 694 reruni
1044 653 1195 694 intima
1239 654 1314 694 sed
1350 655 1564 696 exteriora

79 729 307 772 describit.
359 731 486 784 Quod
533 739 578 770 ut
624 730 824 786 exemplo
873 730 1061 786 quodam
1108 730 1269 771 clarius
1311 731 1563 789 intellegas,

80 816 298 848 memento
339 807 482 849 locum
514 808 629 848 hunc
664 823 766 863 quo,
804 823 900 847 cnm
937 807 1038 847 velit
1067 808 1241 848 Curiam
1272 807 1564 848 habitantium

80 900 204 925 curas
233 901 279 925 ac
315 884 513 925 miserias
548 899 699 924 omues
729 883 1006 933 denuntiare,
1038 884 1367 942 antiquissimas
1399 884 1565 926 fabulas

81 962 288 1002 memoria
318 970 489 1002 revocet
521 977 528 1000 :
560 980 575 999 (ι
607 961 762 1002 Curiae
790 961 895 1018 Styx
919 969 982 1001 cst
1011 961 1158 1002 odium
1182 962 1309 1002 nobis
1339 962 1564 1002 immotum

80 1055 130 1079 ex
155 1047 304 1079 nostro
332 1038 397 1079 vel
426 1037 568 1079 alieno
597 1038 700 1078 vitio
727 1055 734 1078 :
768 1038 1063 1096 Phlegethon,
1088 1038 1220 1079 ardor
1247 1038 1502 1094 cupiditatis
1525 1047 1567 1079 ct

81 1115 193 1165 irac;
243 1115 400 1156 Lethes
453 1114 616 1155 oblivio
659 1115 862 1156 benolicii
915 1116 1126 1156 creatoris
1173 1123 1214 1155 ct
1260 1116 1567 1171 promissionis

83 1193 123 1232 in
173 1193 435 1249 baptismate
487 1192 634 1242 datae3
692 1194 896 1248 Cocytus,
941 1192 1083 1234 luc-tus
1130 1208 1182 1233 ex
1229 1193 1392 1233 nostris
1440 1193 1566 1233 nobis

82 1268 272 1309 inflictus
295 1270 603 1310 excessibus...
629 1270 836 1311 Acheron
866 1269 1046 1310 tristitia
1075 1268 1244 1310 scilicet
1270 1269 1336 1309 vel
1366 1286 1416 1309 ex
1446 1269 1567 1310 sactis

79 1346 145 1386 vel
183 1361 233 1386 cx
267 1345 396 1387 dictis
430 1346 700 1403 poenitentia
734 1346 799 1387 vel
835 1362 886 1387 ex
918 1346 1078 1403 cupitis
1119 1354 1162 1387 et
1207 1361 1293 1386 non
1332 1346 1564 1395 asscentis3

81 1422 347 1482 flagitiorum
372 1431 444 1464 aut
466 1422 638 1481 flagella
667 1440 959 1480 poenarumve
988 1423 1216 1480 passiones
1243 1423 1314 1463 hic
1343 1423 1568 1479 assignare

80 1515 315 1556 possumus
363 1501 398 1541 si
444 1500 506 1541 fas
559 1502 666 1541 est¹.
713 1519 733 1539 ))
775 1500 1015 1544 XYalterius
1058 1509 1219 1550 autem,
1264 1516 1360 1540 cum
1404 1499 1565 1540 nullam

82 1576 305 1618 scribendi
362 1578 472 1619 viam
530 1586 660 1635 atque
714 1577 927 1618 rationem
986 1586 1148 1618 certam
1202 1585 1432 1633 sequatur,
1489 1592 1567 1617 nec

82 1670 150 1695 res
204 1653 325 1695 brevi
370 1663 499 1711 atque
546 1655 634 1695 acri
682 1655 898 1695 sententia
945 1654 1191 1705 concludit,
1241 1669 1319 1694 nec
1366 1662 1564 1709 tempore

81 1731 298 1772 consistit.
337 1732 391 1773 Ut
427 1731 540 1772 enim
595 1732 730 1781 navis,
780 1731 900 1772 nullo
948 1739 1142 1789 regente,
1193 1731 1277 1771 huo
1324 1738 1397 1770 aut
1443 1729 1563 1777 illuc,

81 1815 126 1848 ut
173 1807 260 1848 sors
305 1807 458 1859 voluit,
502 1808 794 1865 provolvitnr3
839 1824 902 1856 ac,
947 1808 1020 1849 ubi
1064 1807 1279 1864 placuerit
1326 1806 1462 1854 loeus,
1508 1807 1567 1847 ibi

81 1893 290 1926 moratur.
330 1885 478 1926 Gratis
517 1886 601 1926 sibi
642 1886 796 1937 rebus,
828 1886 863 1926 si
900 1900 1009 1942 quae
1057 1884 1368 1935 successerint,
1419 1883 1568 1924 mode-

81 1969 172 2002 rate
211 1962 273 2002 uti
301 1962 454 2020 nequit
484 1979 491 2002 :
524 1962 601 2003 sed
639 1963 815 2022 longius
854 1962 1054 2020 indulget
1092 1962 1407 2017 brevitatisque
1438 1960 1568 2001 meri-

78 2046 171 2079 tum
201 2039 371 2080 minimi
400 2039 517 2081 facit.
545 2040 652 2081 Cum
689 2039 824 2097 igitur
852 2039 996 2080 locum
1021 2039 1137 2080 hunc
1162 2038 1418 2095 Scripturae
1448 2053 1569 2077 com-

80 2124 306 2167 memorat,
345 2132 430 2174 quo
470 2115 667 2157 videmus
714 2118 854 2157 Deum
894 2115 1194 2172 Davidemquc
1241 2130 1390 2174 regem
1439 2122 1567 2170 atque

80 2192 260 2234 Davidis
297 2194 440 2234 socios
480 2193 719 2250 punivisse,
756 2192 874 2249 quod
903 2192 987 2233 sibi
1023 2192 1141 2233 laudi
1171 2191 1376 2232 dederint
1405 2191 1569 2247 imper-

79 2269 204 2309 titam
236 2285 257 2310 a
285 2271 378 2311 Deo
411 2270 655 2319 victoriam,
689 2269 758 2310 his
785 2269 1026 2314 XValterius
1048 2268 1259 2309 Davidem
1287 2267 1566 2308 admonentis

81 2354 124 2386 et
184 2346 460 2406 objurgantis
517 2346 694 2388 Domini
755 2346 1028 2388 moderatum
1089 2345 1282 2386 animum
1343 2343 1492 2384 laudat

83 2440 104 2461 «
144 2424 386 2480 Castigatio
423 2424 518 2473 suit,
560 2440 647 2464 non
702 2424 824 2473 ultio,
864 2439 972 2481 quae
1012 2422 1265 2480 superbiam
1299 2420 1564 2470 humiliavit,

81 2515 192 2556 quae
261 2515 348 2541 non
415 2500 606 2542 hostium
672 2500 774 2542 sccit
827 2500 1077 2550 victoriam,
1136 2515 1223 2540 non
1286 2498 1565 2539 inimicorum

83 2577 236 2618 extulit
267 2576 435 2627 laudes,
470 2593 556 2619 non
598 2578 755 2619 civium
794 2578 997 2618 excitavit
1043 2576 1270 2627 invidiam,
1308 2591 1394 2616 non
1444 2590 1567 2614 vere-

83 2654 285 2695 cundiam
337 2653 477 2705 laesit,
526 2671 613 2696 non
659 2654 828 2696 inflexit
872 2654 1084 2703 dedecus,
1130 2669 1216 2694 non
1263 2652 1565 2693 residuitatem

82 2730 282 2782 abstulit;
320 2746 430 2788 quac
473 2732 648 2773 modum
691 2732 859 2782 habuit,
901 2746 1010 2788 quae
1057 2730 1217 2772 direxit
1260 2745 1423 2788 regem,
1458 2743 1566 2784 quae

127 2896 156 2926 1.
177 2898 223 2926 De
238 2897 356 2937 Nugis,
378 2907 411 2936 p.
434 2897 504 2934 238,
527 2897 597 2927 239.
