1873 3329
399 304 704 331 tumn-osanna«
740 306 1045 332 NAnnATmNUM
1082 306 1312 332 SCRIPTORE
1541 304 1600 332 155

824 494 878 535 IV

167 606 278 648 Illud
306 607 450 664 reipsa
481 608 522 648 in
548 615 691 647 mente
715 605 878 646 insidet
899 605 1066 663 legenti
1089 606 1247 662 cuique
1272 607 1411 664 capita
1437 607 1478 648 in
1504 608 1600 665 qui-

108 685 188 726 bus
210 684 299 742 agit
323 684 543 741 Mappius,
571 693 663 724 tum
687 682 739 723 de
763 681 938 723 traditis
968 682 1084 738 apud
1112 683 1363 725 wallenses
1380 686 1407 734 ¹,
1434 693 1522 725 tum
1547 684 1599 725 ‹le

107 761 377 818 portentosis
400 761 530 801 rebus
554 775 660 817 quas
690 759 732 799 in
762 759 900 816 patria
932 774 952 799 a
991 760 1080 799 suis
1111 759 1290 800 audivit.
1325 762 1386 801 Ex
1410 761 1476 801 liis
1505 770 1601 802 tan-

106 846 198 878 tuin
239 853 349 894 quae
391 837 556 877 notavit
596 836 649 876 de
680 836 837 876 civium
880 852 1060 877 suorum
1097 836 1244 878 indole
1280 846 1322 878 et
1356 847 1529 887 natura,
1557 847 1602 879 ut

109 930 241 971 supra
283 913 635 963 memoravimus,
686 912 788 954 licet
830 912 1085 954 discernere
1138 922 1180 954 et
1226 930 1357 971 quam
1398 915 1604 956 habuerit

109 991 297 1048 patriam
338 999 380 1031 et
420 1006 505 1047 quo
546 998 745 1047 tempore
791 990 1036 1047 scripserit.
1076 990 1204 1032 Solae
1241 991 1369 1032 etiam
1414 991 1598 1040 fabulae,

108 1068 268 1124 quibus
291 1067 506 1108 enarratis
529 1067 704 1126 gavisus
735 1075 799 1107 est
836 1066 1109 1117 adolescens,
1142 1084 1253 1124 opus
1289 1069 1393 1109 satis
1423 1069 1602 1110 decolor

108 1153 150 1186 et
172 1144 296 1202 quasi
334 1144 640 1185 obnubilatum
669 1143 909 1201 splendore
937 1144 1127 1202 quodam
1156 1145 1331 1202 poetico
1360 1145 1599 1197 illustrant,

109 1229 151 1262 et
184 1221 318 1272 illud,
352 1221 583 1262 commotis
620 1221 793 1271 animis,
830 1221 1000 1280 gratius
1042 1220 1229 1264 faciunt.
1270 1223 1366 1264 Uno
1402 1222 1599 1273 vinculo,

110 1297 279 1339 scilicet
300 1297 513 1339 tredecim
536 1297 755 1355 capitibus
775 1314 884 1354 quae
907 1298 1014 1339 haec
1036 1298 1183 1339 omnia
1213 1299 1458 1351 continent,
1491 1299 1603 1340 liber

109 1374 277 1432 Mappii
294 1374 455 1416 litteris
472 1375 657 1435 anglicis
680 1374 978 1426 connectitur,
998 1391 1078 1416 nec
1101 1375 1208 1417 alibi
1230 1376 1422 1417 medium
1445 1376 1603 1434 depre-

110 1451 247 1493 hendi
284 1460 430 1509 potest
472 1453 588 1493 inter
640 1452 926 1508 praeteritum
961 1452 1245 1510 futurumque
1291 1462 1480 1511 tempus,
1531 1462 1604 1495 aut

114 1528 306 1586 intelligi
334 1544 488 1570 novam
516 1529 743 1570 hominum
766 1529 928 1570 exoriri
956 1529 1233 1589 progeniem.

174 1606 338 1663 Itaque,
364 1606 688 1662 praetermissis
718 1606 824 1647 locis
849 1606 922 1647 ubi
946 1606 1187 1650 XValterius
1215 1622 1303 1648 uno
1328 1608 1461 1648 verbo
1484 1616 1605 1649 notat

111 1683 226 1740 apud
248 1682 498 1726 VVallenses
520 1683 818 1740 asperitatem,
838 1683 1100 1740 hospitalem
1128 1684 1338 1735 animum,
1358 1685 1602 1742 ingenitum

112 1759 199 1801 illis
226 1768 317 1801 tum
346 1776 517 1820 regum,
553 1769 645 1801 tum
679 1759 899 1801 libertatis
932 1777 1140 1811 amorem,
1172 1762 1216 1802 in
1246 1762 1435 1818 inceptis
1471 1762 1604 1804 auda-

111 1837 221 1878 ciam
245 1836 362 1878 etad
389 1836 551 1878 tuenda
575 1838 674 1893 jura
707 1837 930 1888 virtutem,
962 1837 1147 1879 velimus
1174 1846 1345 1880 tantum
1377 1856 1423 1879 ea
1457 1839 1604 1880 memi-

112 1914 228 1955 nisse
271 1915 314 1955 in
349 1914 509 1971 quibus
538 1930 583 1955 se
614 1914 809 1955 ostendit·
843 1923 916 1956 aut
943 1915 1142 1972 poeticae
1174 1916 1259 1957 arti
1292 1915 1498 1957 idoneum
1533 1925 1606 1958 aut

114 1990 445 2032 misericordiae
470 2006 692 2047 capacem,
724 2006 821 2032 cum
850 2007 938 2032 non
967 1991 1032 2032 illi
1060 1992 1235 2033 deesset
1257 1992 1375 2034 aliud
1406 2002 1450 2034 ut
1472 2002 1602 2044 esset,

113 2083 201 2124 quo
230 2083 360 2109 sensu
383 2067 555 2125 antiqui
577 2067 707 2109 simul
729 2076 772 2109 et
799 2069 1069 2110 recentiores
1091 2068 1137 2110 id
1170 2069 1442 2129 intelligunt,
1469 2071 1606 2128 scrip-

114 2153 185 2185 tor
213 2144 457 2186 fabularum
492 2144 694 2186 eximius.
727 2145 987 2202 Hujusmodi
1016 2145 1195 2187 dotibus
1236 2162 1323 2187 non
1355 2155 1474 2188 caret
1507 2163 1604 2188 cum

116 2222 170 2263 de
202 2222 253 2262 iis
294 2237 541 2263 sermonem
576 2221 769 2262 instituit
801 2238 911 2280 quae
943 2222 1131 2264 demissa
1164 2239 1268 2264 voce
1298 2224 1603 2277 tradebantur,

116 2314 227 2355 quae
249 2307 372 2355 pater
388 2298 507 2349 filiis,
527 2299 764 2355 nepotibus
784 2298 863 2340 filii
882 2299 1147 2356 prodebant,
1173 2316 1261 2341 non
1278 2301 1371 2342 sine
1395 2301 1606 2360 religioso

112 2375 250 2416 animi
273 2390 420 2425 sensu,
446 2383 493 2416 ut
512 2384 874 2432 portentosorum
903 2376 1157 2418 animalium
1181 2392 1391 2419 occursus
1408 2379 1437 2427 ²,
1463 2379 1606 2419 homi-

156 2488 186 2517 1.
205 2487 242 2516 ln
262 2486 354 2517 hunc
369 2486 510 2517 modum
527 2487 691 2517 distribui
713 2491 860 2527 possunt
875 2488 994 2528 capita
1009 2488 1067 2518 ubi
1085 2493 1218 2526 auctor,
1241 2489 1334 2530 apud
1352 2489 1607 2520 Dis-cinctionem

111 2534 312 2572 secundam,
327 2533 368 2564 de
393 2534 521 2564 sabulis
540 2534 574 2564 in
598 2545 691 2574 pago
715 2535 865 2574 gallensi
884 2535 1024 2566 traditis
1045 2547 1241 2567 sermonem
1260 2537 1366 2567 habet
1383 2549 1389 2568 :
1406 2540 1436 2572 9,
1463 2538 1512 2567 10.
1529 2538 1608 2568 For-

111 2582 194 2612 titer
217 2586 250 2612 et
272 2580 437 2621 religiose
458 2585 558 2621 gesta
578 2592 597 2611 a
625 2582 864 2613 wallensibus
876 2583 1156 2624 quibusdam.-—
1176 2584 1226 2621 11,
1251 2584 1300 2621 12,
1325 2585 1374 2615 13.
1396 2585 1553 2615 Visiones
1575 2590 1608 2616 et

114 2639 252 2659 amores
273 2628 508 2669 nympharum
528 2629 742 2669 ignotarum.
761 2648 799 2652 —
821 2631 871 2660 111.
888 2630 1056 2661 Diabolus
1075 2631 1138 2661 sub
1157 2632 1272 2672 specie
1294 2632 1452 2662 mulieris
1468 2643 1608 2663 carnem

115 2686 310 2707 assumens.
333 2693 371 2698 —
392 2676 442 2707 15.
467 2676 626 2706 Visiones
646 2681 858 2718 satyrorum.
879 2696 920 2701 —
941 2679 990 2709 16.
1015 2679 1196 2709 Praeclare
1221 2681 1313 2710 sacta
1333 2684 1366 2709 et
1384 2691 1477 2709 mors
1498 2680 1608 2719 ignoti

115 2723 300 2764 cujusdam
314 2723 455 2763 equitis.
470 2741 510 2745 ——
521 2724 572 2762 20,
589 2724 639 2755 26.
660 2724 705 2754 De
720 2725 946 2756 Wallcnsium
967 2725 1082 2756 indole
1100 2731 1132 2757 ct
1147 2726 1300 2767 ingenio.
1315 2727 1413 2757 —21.
1429 2728 1608 2763 Quomodo

117 2770 317 2802 XVallenses
336 2770 511 2811 hospitem
535 2770 720 2811 excipiant.
738 2790 779 2795 —
799 2773 850 2809 22,
872 2774 922 2803 23.
943 2773 1104 2804 Narratio
1121 2785 1238 2805 rerum
1255 2774 1298 2804 ad
1322 2774 1506 2805 historiam
1527 2785 1607 2815 per—

131 2817 310 2848 inentium.

161 2865 191 2895 2.
214 2865 301 2896 Dist.
326 2864 490 2903 secunda,
509 2865 559 2895 15.
