1873 3329
0 0 170 97 W...

394 379 442 403 1)Ιί
477 378 640 403 ΗΟΜΙΝΕ
674 379 723 403 AC
756 379 804 403 ΗΕ
840 377 1003 403 uulnus
1038 377 1336 403 COGi'rATioxis
1571 373 1611 401 85»

119 463 266 512 laedit,
311 463 487 504 licentia
524 464 718 512 irritat'3
756 479 869 503 nnnc
906 462 1106 502 militiam
1145 478 1188 502 sc
1231 462 1436 502 admirari
1474 463 1609 518 proli-

119 549 249 590 tetur,
280 540 397 597 quod
427 540 542 581 nulla
573 540 800 598 generosis
829 555 875 579 ac
901 539 1087 579 sortibus
1111 538 1215 579 viris
1234 541 1245 560 '·'
1276 555 1443 579 merces
1467 539 1613 579 carior

118 632 211 657 csse
234 617 375 674 possit
397 633 523 674 quam
545 616 668 657 miles
687 616 801 661 licri;
825 624 895 656 aut
919 616 1270 656 Normannorum
1290 615 1450 672 politos
1470 631 1613 656 mores

118 693 279 744 laudat,
322 695 542 735 Saxonum
580 693 802 749 impolitos
838 693 1072 749 vituperat.
1118 692 1233 744 Quin
1277 693 1405 733 ctiam
1448 693 1490 732 in
1531 693 1612 732 lios

118 770 259 811 acrius
295 771 516 811 invehitur
559 787 566 810 :
605 770 951 827 gloriosissimos
990 785 1140 810 eorum
1176 769 1308 817 viros,
1348 778 1394 809 nt
1430 769 1613 810 Godxvi-

117 862 237 898 num,
282 848 536 895 insectatur,
579 873 636 878 —
676 846 794 903 quod
829 862 958 902 saepe
994 845 1142 905 gallici
1178 846 1450 903 scriptores³
1498 846 1612 886 sece-

118 932 215 964 runt
237 943 316 974 —3
344 925 539 966 Saxones
561 924 820 967 contemnit,
847 923 964 979 qnod
989 931 1173 963 mortem
1201 923 1407 979 impavidi
1433 922 1609 971 adeant,

116 1016 212 1041 cum
237 1017 323 1041 non
347 1000 432 1041 alio
463 1009 610 1042 tamen
642 1016 772 1042 sensu
801 1000 1040 1041 Normanni
1064 1000 1107 1040 in
1136 1000 1471 1049 torneamentis,
1497 999 1614 1039 ludi-

116 1077 202 1118 cris
237 1078 568 1126 certaminibus,
612 1078 697 1134 ipsi
738 1077 858 1118 adire
906 1077 1176 1118 videantur&
1218 1076 1304 1118 Sed
1350 1076 1611 1133 pracsertim

117 1154 332 1196 NYaltcrio
377 1154 506 1195 insita
538 1154 746 1195 nobilitas
785 1164 968 1210 apparet
1009 1169 1105 1194 cum
1157 1154 1208 1193 de
1257 1154 1432 1193 rusticis
1477 1162 1518 1194 et
1559 1152 1612 1193 de

115 1231 296 1272 urbanis
324 1230 520 1288 loquitur
549 1247 677 1288 quos,
710 1247 788 1271 nec
819 1247 896 1271 suo
930 1239 1131 1286 tempore
1160 1239 1326 1271 temere
1357 1248 1377 1269 «
1410 1246 1558 1271 servos
1589 1248 1612 1269 »

114 1317 237 1349 vocat
276 1317 318 1349 et
353 1326 373 1347 «
411 1308 661 1349 corveables
701 1311 721 1348 a
766 1309 896 1348 merci
943 1326 962 1346 »
1005 1307 1213 1348 declarat.
1264 1307 1477 1348 Miserum
1528 1308 1612 1347 hoc

116 1385 342 1426 hominum
379 1401 533 1445 genus,
573 1386 647 1442 qui
680 1385 749 1425 vix
784 1400 805 1425 e
847 1400 1001 1425 somno
1043 1384 1311 1441 silentioque
1348 1393 1611 1441 exsurgunt,

117 1479 202 1504 non
244 1462 577 1504 commiseratur
610 1462 866 1506 walterius.
907 1461 1104 1504 Candide
1138 1462 1197 1502 ait
1236 1478 1243 1501 :
1282 1480 1301 1501 «
1337 1463 1445 1503 Cum
1486 1470 1612 1502 natu-

116 1540 265 1581 raliter
286 1539 381 1581 odit
402 1540 544 1581 anima
568 1555 660 1580 mea
684 1555 848 1591 servos,
873 1540 955 1580 hoc
979 1539 1085 1579 mihi
1115 1539 1260 1596 placet
1298 1539 1340 1579 in
1377 1539 1454 1589 eis,
1493 1539 1612 1595 quod

115 1617 229 1658 circa
267 1617 398 1659 finem
446 1625 488 1658 et
527 1617 881 1674 opportunitates
930 1616 1132 1667 edocent,
1180 1624 1391 1673 quantum
1436 1615 1611 1656 amandi

115 1695 217 1735 sint.
252 1694 539 1735 Proverbium
570 1693 791 1752 anglicum
825 1693 878 1734 de
908 1693 1043 1734 servis
1075 1701 1156 1743 est,
1193 1710 1213 1732 «
1257 1694 1372 1733 H-ave
1411 1693 1533 1733 hund
1564 1701 1613 1733 to

115 1771 288 1829 godsib,
321 1771 406 1813 and
436 1779 553 1812 stent
588 1772 631 1811 in
661 1771 750 1812 thir
785 1770 892 1811 oder
919 1771 1040 1811 hond
1071 1788 1110 1821 »‚
1142 1770 1260 1827 quod
1296 1779 1362 1812 est
1391 1787 1412 1809 «
1444 1771 1609 1811 Canem

114 1849 288 1905 suscipe
310 1857 582 1905 compatrem
611 1856 653 1888 et
670 1847 804 1889 altera
833 1864 960 1889 manu
984 1848 1217 1889 baculnm⁵
1237 1866 1277 1889 ».
1302 1847 1432 1889 Nullo
1462 1855 1606 1888 autem

115 1925 245 1967 modo
289 1926 333 1967 in
372 1925 588 1970 XYalterio
638 1925 877 1982 temperari
924 1925 1074 1966 odium
1120 1925 1230 1966 illud
1277 1933 1478 1981 poterat3
1530 1938 1613 1964 nec

116 2019 194 2044 nos
225 2003 379 2044 saltem
409 2003 683 2053 mirabimur,
723 2018 820 2043 cum
851 2001 995 2042 simile
1033 2001 1182 2043 odium
1217 2001 1343 2042 multi
1378 2001 1493 2059 apud
1529 2017 1614 2041 nos

114 2080 402 2138 conceperint
438 2080 646 2121 adversus
689 2080 899 2120 urbanos.
954 2079 1072 2132 Quin
1120 2079 1263 2129 etiam,
1310 2095 1364 2119 ne
1397 2078 1611 2135 patientia

115 2158 292 2216 quidem
329 2166 371 2199 et
401 2156 551 2198 labore
583 2157 832 2198 libertatem
866 2156 1260 2213 consequentibus,
1289 2155 1489 2196 servilem
1521 2155 1612 2195 ori-

114 2236 263 2293 ginem
283 2234 525 2278 Walterius
549 2235 685 2275 servis
713 2234 973 2293 ignoscebat
999 2250 1006 2274 :
1035 2251 1055 2273 «
1088 2233 1230 2282 Servi,
1256 2233 1331 2285 ait,
1357 2248 1456 2273 suos
1487 2232 1611 2289 igno-

118 2312 328 2353 miniosos
355 2320 398 2353 et
423 2311 667 2370 degeneres
706 2311 750 2351 in
789 2311 956 2352 artibus
989 2310 1262 2359 liberalibus,
1302 2310 1362 2351 eis
1397 2309 1613 2350 indebitis

118 2389 312 2430 enutrire
329 2388 603 2430 contendunt
619 2404 705 2428 non
724 2396 769 2427 ut
786 2396 975 2428 exeanta
990 2387 1121 2437 vitiis,
1143 2387 1220 2428 sed
1236 2395 1282 2428 ut
1298 2386 1524 2427 abundent
1547 2385 1610 2426 di-

115 2465 232 2506 vitiis
249 2484 288 2516 »‚
303 2467 460 2522 —jarn
478 2480 626 2506 aurem
650 2473 844 2505 nostram
860 2464 1085 2515 sollicitat,
1105 2472 1178 2504 aut
1200 2479 1281 2521 ego
1300 2463 1440 2512 fallor,
1458 2471 1610 2503 notum

116 2542 225 2584 illud
250 2560 270 2581 «
295 2542 702 2584 Enrichissez-vous
734 2560 751 2579 »
780 2567 838 2572 —-
865 2559 885 2579 «
913 2541 988 2599 qui
1011 2549 1175 2598 quanto
1212 2541 1323 2582 fiunt
1354 2540 1607 2596 peritiores,

156 2699 184 2729 1.
204 2701 251 2729 De
269 2698 386 2739 Nugt's¹
411 2709 444 2739 p.
461 2699 533 2735 232,
551 2700 622 2730 233.
639 2699 686 2729 De
706 2697 930 2729 Tancarvilla
951 2698 1047 2727 nullo
1066 2697 1171 2728 verbo
1190 2697 1357 2737 increpat,
1374 2707 1474 2736 quem
1495 2699 1610 2726 tumen

115 2749 210 2777 tanta
234 2746 438 2786 arrogantia
460 2747 649 2786 superbum
672 2756 707 2777 se
728 2745 948 2786 praestitisse
970 2744 1132 2776 diximus.

157 2795 186 2825 2.
208 2795 254 2823 De
276 2793 394 2835 Xugis,
414 2804 448 2833 p.
474 2794 544 2823 186.

155 2842 186 2871 3.
205 2841 307 2880 Ibid.‚
329 2851 363 2881 p.
387 2841 457 2872 201.

155 2888 186 2918 14.
205 2888 306 2926 lbid.‚
328 2899 363 2929 p.
387 2890 425 2919 97
447 2892 480 2919 et
500 2889 570 2920 103.

157 2937 187 2965 5.
208 2937 254 2966 De
275 2935 395 2977 Nugis,
418 2946 452 2976 p.
478 2936 548 2967 203.
