1842 3288
214 321 253 350 56
708 326 757 351 DE
791 326 1013 352 WALTERIO
1048 325 1201 351 MAPPIO

217 411 398 468 proeliis
433 409 753 461 occidentium,
792 412 898 452 haec
935 411 1080 451 omnia
1116 425 1202 450 non
1239 418 1341 450 sunt
1371 411 1600 467 proprium
1635 419 1707 452 aut

217 497 383 535 nostro,
409 496 481 527 aut
504 487 576 527 alii
606 503 709 528 aevo
733 488 1049 544 spectaculum,
1076 487 1151 527 sed
1177 502 1228 527 ex
1249 487 1437 528 humana
1453 487 1708 529 conditione

216 566 272 605 ita
303 572 605 620 consequntur
633 573 678 605 ut
717 564 845 605 vitari
875 572 1095 621 nequeant
1122 581 1128 603 :
1164 563 1313 604 cadem
1345 572 1447 604 sunt
1475 580 1600 620 quae,
1632 564 1709 605 de-

216 649 418 681 currente
473 632 735 681 duodecimo
783 641 979 689 saeculo,
1029 641 1233 697 Mappius
1290 640 1539 681 vehementi
1595 640 1708 697 stylo

219 726 379 763 notata,
407 718 500 757 sine
523 718 760 774 asperitate
782 726 929 759 tamen
952 718 1190 758 insectatus
1216 725 1294 757 cst.

275 796 418 836 Unum
460 803 524 835 est
565 794 683 851 quod
722 795 901 835 Henrici
931 794 1113 836 secundi
1155 794 1296 835 aulam
1336 793 1554 851 insignem
1592 794 1707 834 inter

217 871 322 911 alias
352 871 496 921 saciat,
521 871 728 912 videlicet
748 871 965 928 principis
994 872 1075 912 viri
1101 880 1227 912 acuta
1256 871 1518 927 simplicitas
1541 879 1583 911 et
1610 871 1705 911 sine

218 957 427 1005 apparatu
463 949 574 988 vitae
609 948 892 1005 simplicitas;
936 949 1004 989 his
1034 948 1146 989 adde
1187 948 1375 989 ferocem
1417 947 1706 1005 quorumdam

216 1026 409 1065 virorum
434 1025 642 1065 animum.
677 1026 724 1065 In
753 1025 895 1066 lucem
929 1025 1028 1065 illos
1061 1024 1264 1081 proferre
1293 1025 1567 1074 conabimur,
1595 1040 1707 1081 quo-

218 1103 333 1143 niam
357 1102 544 1143 (liversis
574 1118 676 1143 suae
709 1102 822 1142 vitae
849 1102 1127 1159 temporibus
1156 1118 1252 1142 cum
1285 1102 1337 1142 iis
1373 1102 1579 1158 Mappius
1601 1117 1708 1142 con-

217 1179 494 1221 suetudinem
512 1179 683 1229 habuit,
705 1181 828 1235 cujus
845 1179 907 1219 rei
925 1179 1053 1219 nobis
1076 1178 1260 1219 tradidit
1276 1179 1547 1219 memoriam.
1567 1180 1709 1221 Unus-

216 1258 402 1314 quisque
428 1265 570 1297 autem
597 1272 747 1296 eorum
771 1264 1006 1312 propterea
1030 1256 1297 1312 conspicuus
1322 1264 1386 1296 est
1415 1255 1532 1312 quod
1555 1255 1708 1296 indole

146 1379 157 1386 r
217 1350 291 1375 sua
315 1350 366 1374 ex
388 1333 532 1390 aliqua
555 1341 679 1390 parte
701 1348 888 1391 regnum
918 1333 1096 1373 Henrici
1120 1333 1165 1373 in
1188 1340 1475 1388 conspectum
1498 1332 1671 1373 reducit
1696 1350 1704 1372 :

218 1410 480 1452 Guilielmus
522 1410 638 1451 enim
675 1410 728 1450 de.
763 1409 1036 1451 'I'ancarvilla
1074 1425 1153 1450 nos
1190 1425 1426 1466 procerum
1469 1409 1708 1450 feudalium

217 1489 495 1528 immemores
519 1503 614 1528 esse
637 1503 724 1528 non
749 1487 870 1534 sinit,
896 1503 946 1527 eo
976 1486 1113 1544 magis
1143 1486 1454 1527 seditiosorum
1479 1487 1599 1543 quod
1622 1486 1707 1527 sibi

219 1565 358 1605 minas
409 1563 667 1621 impendere
720 1563 1066 1621 intelligebant3
1117 1563 1332 1604 Ranulfus
1383 1563 1436 1604 de
1489 1563 1707 1604 Glanvilla

219 1641 380 1681 eminet
404 1641 517 1681 inter
541 1641 712 1697 equites
741 1641 835 1696 regi
851 1639 1003 1681 fideles
1027 1640 1299 1697 multumque
1322 1639 1518 1680 laborem
1541 1640 1708 1697 impen-

218 1718 371 1758 dentes
424 1718 466 1758 in
521 1733 665 1758 rerum
724 1717 1002 1773 publicarum
1060 1717 1493 1758 administrationem
1558 1733 1707 1758 emen-

217 1794 420 1842 dandam,
460 1795 651 1835 Henrico
680 1803 881 1844 auctore3
932 1794 1159 1835 Gilbertus
1205 1793 1351 1835 Foliot
1391 1794 1708 1836 celeberrimus

217 1880 283 1912 est
329 1880 631 1931 propugnator
675 1871 903 1912 doctrinae
941 1887 1071 1928 quam
1116 1872 1159 1911 in
1201 1871 1512 1912 colluctatione
1553 1880 1706 1913 contra

217 1949 428 1989 Thomam
452 1949 618 1989 Becket
638 1947 847 1988 tuendam
871 1964 947 1988 rex
968 1947 1178 2004 suscepit.

277 2025 540 2067 Guilielmus
570 2042 590 2065 e
623 2025 767 2066 tribus
809 2025 987 2065 minime
1026 2033 1172 2075 notus,
1204 2025 1309 2066 licet
1336 2041 1499 2082 genere
1522 2024 1705 2075 nobilis,

216 2103 487 2160 praeclaram
516 2111 663 2142 tamen
694 2103 761 2142 sui
784 2102 1039 2142 memoriam
1067 2103 1111 2142 in
1137 2101 1256 2142 illius
1282 2102 1496 2158 temporis
1519 2102 1705 2142 historia

218 2196 305 2221 non
340 2180 534 2237 reliquit.
571 2179 855 2221 Verissimam
884 2179 1077 2229 exhibet,
1108 2187 1221 2220 teste
1249 2179 1446 2235 Mappio,
1474 2194 1706 2235 procerum

217 2257 454 2314 imaginem
489 2272 675 2313 quorum
704 2255 941 2296 bellicosus
983 2255 1155 2296 animus
1196 2255 1308 2314 Regi
1324 2249 1382 2313 {et
1414 2255 1706 2296 communita-

216 2334 334 2374 tibus
358 2333 521 2390 pariter
544 2333 587 2373 in
621 2332 723 2373 odio
747 2341 854 2380 erat,
881 2332 956 2388 qui
986 2331 1222 2389 aliquando
1251 2331 1358 2373 adeo
1387 2331 1632 2388 impavidos
1663 2347 1707 2372 se

217 2411 501 2467 praestabant
553 2419 597 2450 ut
652 2410 845 2450 insanire
880 2409 1151 2457 viderentur,
1195 2408 1304 2449 adeo
1351 2417 1610 2467 arrogantes
1658 2417 1705 2449 ut

218 2488 365 2528 nescio
397 2487 505 2544 quid
538 2487 755 2545 tragicum
785 2487 827 2526 in
858 2486 966 2543 ipsis
995 2485 1175 2527 inesset.
1209 2504 1228 2524 «
1262 2487 1469 2528 Summus
1501 2486 1544 2526 in
1580 2485 1712 2526 feudo

215 2564 331 2621 regis
376 2565 670 2613 Camerarius,
716 2563 780 2603 vir
818 2562 981 2603 nobilis
1032 2578 1214 2619 genere,
1265 2562 1502 2620 singularis
1549 2562 1704 2614 armis,

215 2641 381 2681 viribus
416 2640 691 2699 magnificus.
733 2658 752 2678 ))
793 2638 1056 2681 Guilielmus
1098 2639 1151 2679 de
1192 2639 1463 2680 Tancarvilla
1518 2655 1539 2680 a
1589 2639 1710 2698 Rege

215 2718 472 2769 timebatur,
516 2720 639 2774 cujus
680 2717 733 2757 ad
769 2732 895 2757 aures
923 2724 1184 2772 pervenerat
1213 2732 1368 2774 magna
1403 2716 1514 2757 fama
1545 2716 1598 2757 de
1630 2716 1708 2757 illo

214 2794 307 2835 viro
348 2795 392 2835 iu
433 2795 615 2835 ludicris
662 2792 978 2835 certaminibus
1031 2808 1161 2849 saepe
1204 2794 1397 2844 victore3
1441 2808 1570 2850 quem
1617 2808 1706 2834 non

215 2870 411 2929 fugiebat
447 2887 548 2912 usus
585 2871 699 2912 inter
734 2886 832 2911 eum
861 2878 902 2910 et
942 2869 1111 2910 Galliae
1157 2885 1306 2928 regem
1341 2870 1562 2928 etiamque
1595 2869 1720 2910 alios
