1842 3288
301 316 338 346 62
790 319 841 344 DE
874 318 1098 344 WA-L'rssnlo
1131 320 1287 345 ΜΑΡΡΙΟ

301 415 554 463 certumque
589 405 799 445 exhibent
827 403 1027 445 ordinem
1057 405 1315 461 primarium
1338 421 1467 462 quem
1497 407 1638 448 tenuit
1663 407 1787 451 Wal-

299 484 433 523 terius
464 483 506 522 iu
530 481 779 538 principatu
804 480 923 539 regis
945 480 1277 538 Andcgavensis
1307 482 1447 541 regio.

357 558 554 599 Modesta
584 557 759 614 quidem
794 558 912 598 suere
949 557 1088 606 initia,
1121 574 1206 598 non
1242 567 1387 598 tamen
1416 559 1496 599 hac
1525 559 1716 601 demissa
1743 568 1786 602 et

297 636 489 676 desolata
515 635 736 675 locutione
765 633 897 690 digna
925 651 932 674 z
965 651 986 673 «
1017 636 1108 675 Hoc
1131 635 1223 675 solo
1251 635 1435 692 glorior,
1462 636 1560 693 quia
1590 637 1643 677 ab
1671 637 1784 678 invi-

296 712 364 752 dia
390 721 508 752 tutus
537 727 648 759 sum,
675 710 785 751 nihil
808 710 852 750 in
873 726 939 751 me
968 712 1160 768 reperiet
1182 712 1299 769 quod
1328 712 1529 753 mordere
1552 712 1779 772 dignetur.

292 790 386 830 Non
411 789 525 829 enim
555 788 675 828 canis
697 802 744 827 os
774 787 891 828 rodit
913 787 1093 839 siccum,
1119 804 1198 829 nec
1226 805 1358 830 venae
1386 804 1547 830 vacuae
1570 789 1781 831 adhaeret

293 865 450 905 hirudo
474 866 499 905 ¹,
533 882 554 903 »

349 943 443 982 Vox
471 941 545 981 illa
574 957 652 998 per
679 949 963 981 transennam
992 941 1164 990 emissa,
1197 958 1324 999 quam
1355 942 1540 999 protulit
1573 942 1781 1000 despera-

288 1021 421 1062 tionis
445 1029 602 1071 motus,
629 1020 987 1077 quandoquidem
1010 1020 1178 1078 aliquot
1200 1021 1310 1062 infra
1328 1022 1519 1081 paginiS‚
1545 1031 1778 1080 antequam

288 1114 397 1154 opus
419 1099 483 1139 De
508 1096 650 1155 Nugis
671 1097 912 1147 clauderet,
937 1114 1035 1139 eum
1058 1099 1351 1156 retrospicere
1374 1107 1617 1141 anteactam
1648 1099 1778 1141 aulici

287 1176 367 1216 viri
395 1176 526 1216 vitam
557 1183 754 1232 cuperet,
787 1174 981 1216 scribere
1012 1191 1141 1216 ausus
1171 1184 1236 1216 est
1266 1192 1275 1216 :
1305 1193 1326 1215 «
1357 1176 1436 1217 Hic
1466 1176 1533 1232 (de
1564 1192 1609 1217 se
1638 1177 1777 1234 loqui-

287 1252 375 1309 tur)
400 1252 491 1310 regi
515 1268 641 1293 carus
670 1252 752 1292 fuit
781 1261 823 1293 et
844 1261 1066 1309 acceptus,
1098 1268 1186 1294 non
1210 1253 1300 1293 suis
1323 1253 1399 1294 sed
1426 1261 1658 1310 parentum
1687 1269 1777 1294 me-

287 1329 399 1378 ritis,
438 1330 513 1386 qui
543 1329 628 1369 sibi
657 1329 893 1371 necessarii
931 1337 973 1370 et
1001 1329 1151 1370 fideles
1181 1329 1352 1371 fuerant
1381 1335 1480 1371 ante
1514 1346 1699 1389 regnum
1735 1339 1776 1371 et

285 1414 382 1462 post
406 1424 425 1445 ))
449 1407 476 1444 ²².

345 1484 458 1523 Haec
475 1483 591 1523 enim
615 1483 768 1524 ultima
783 1483 914 1524 verba
937 1482 1252 1541 gratitudinem
1272 1483 1593 1540 profitebantur
1615 1499 1666 1524 ex
1683 1484 1774 1540 jus·

284 1559 394 1600 titia.
434 1560 652 1601 Hem-icus
687 1561 725 1601 II
766 1576 853 1601 non
892 1560 965 1601 diu
1007 1561 1106 1601 sivit
1141 1560 1405 1604 VValterium
1445 1560 1562 1602 inter
1589 1559 1772 1601 clericos

285 1636 442 1677 Curiae
483 1637 618 1695 Regis
653 1637 908 1678 obdormire
950 1637 1026 1694 qui
1060 1646 1152 1678 acta
1183 1637 1372 1694 juridica
1403 1637 1611 1694 expedire
1647 1653 1772 1695 coge-

284 1715 458 1755 bantur.

339 1792 574 1833 Praeterea
608 1800 776 1833 erraret
804 1792 951 1849 longe,
984 1792 1020 1832 si
1054 1791 1152 1848 quis
1184 1792 1268 1832 hos
1304 1791 1571 1849 sigillatores
1605 1791 1769 1832 nostris

281 1868 468 1926 vulgatis
500 1886 521 1907 «
551 1868 908 1910 Ronds-de-cuir
942 1887 961 1908 ))
992 1869 1316 1925 aequipararet.
1348 1869 1436 1910 Hac
1464 1868 1580 1909 enim
1610 1876 1765 1916 aetate,

281 1945 493 2003 singulari
533 1946 718 2002 quadam
766 1945 983 2003 dignitate
1025 1945 1254 2003 fulgebant
1287 1946 1542 2002 scriptores,
1584 1945 1621 1986 si
1655 1944 1768 1986 sacto

279 2023 481 2079 sequenti
516 2022 644 2063 fidem
673 2022 935 2064 adhibemus
962 2023 990 2063 ³.
1019 2041 1040 2063 «
1070 2023 1166 2063 Mos
1198 2031 1290 2063 erat
1317 2031 1363 2063 ut
1393 2022 1548 2063 Brevia
1577 2021 1767 2079 sigillata

280 2098 495 2141 ministris
520 2099 694 2148 Curiae,
725 2116 837 2157 quae
859 2100 1037 2140 nomina
1061 2115 1137 2140 sua
1163 2099 1230 2139 vel
1261 2099 1438 2157 negotia
1466 2098 1762 2151 continerent,

279 2176 470 2233 gratuito
504 2176 703 2232 partibus
742 2177 1063 2217 obtinerentur.
1100 2176 1333 2218 Furstinus
1367 2175 1544 2234 quidam
1578 2191 1711 2216 unum
1743 2191 1764 2217 e

280 2252 598 2310 sigillatoribus
620 2253 896 2294 denuntiavit
917 2254 993 2311 qui
1022 2253 1197 2294 tradere
1219 2253 1422 2295 noluerat
1446 2253 1539 2294 sine
1561 2252 1764 2293 mercede

278 2328 408 2370 breve
430 2346 589 2370 nomen
612 2346 736 2371 suum
763 2339 805 2372 et
826 2331 1051 2389 negotium
1080 2330 1327 2372 continens.
1354 2330 1484 2371 Curia
1506 2338 1759 2380 convocata,

277 2405 389 2463 Regi
418 2406 501 2462 ipsi
533 2408 824 2449 committitur
858 2407 1101 2466 negotium.
1132 2408 1370 2464 Postquam
1402 2415 1630 2448 accusator
1663 2422 1762 2447 cau-

276 2498 365 2523 sam
407 2482 534 2534 dixit,
583 2484 798 2541 sigillator
845 2484 984 2526 Adam
1030 2501 1052 2526 a
1104 2485 1353 2526 Gernemue
1406 2484 1475 2525 his
1523 2483 1669 2525 verbis
1715 2499 1759 2524 se

276 2559 473 2600 defendit
510 2577 517 2600 :
557 2578 577 2600 «
611 2562 899 2619 Susceperam
933 2561 1149 2619 hospites,
1184 2571 1226 2603 et
1260 2561 1357 2602 misi
1398 2562 1473 2618 qui
1506 2568 1760 2618 precaretur

313 2727 343 2758 1.
365 2729 411 2757 De
432 2727 549 2769 Nugis,
574 2739 608 2768 p.
631 2729 702 2760 133.

314 2775 343 2805 2.
371 2774 492 2805 Obiter
518 2780 677 2806 notemus
703 2777 788 2806 haec
817 2777 924 2807 verba
950 2777 1249 2808 confirmationem
1280 2788 1355 2808 esse
1378 2777 1487 2808 exorti
1515 2780 1620 2817 utque
1642 2772 1756 2806 intimi

268 2822 358 2851 inter
374 2822 500 2861 Regem
521 2827 554 2853 et
573 2823 753 2864 Mappium
773 2825 981 2856 commercii.

310 2870 340 2900 3.
361 2871 407 2899 De
425 2869 542 2910 Nugz's,
562 2882 595 2911 p.
616 2872 687 2902 231.
