1842 3288
283 364 342 393 ’118
779 369 830 394 DE
863 370 1086 396 WALTERIO
1122 370 1278 396 MAPPIO

284 453 478 496 siccitate
525 462 653 510 atque
700 463 891 511 egestate
938 455 1192 513 aequalibus
1238 456 1328 496 suis
1374 458 1767 512 praestantissimis

283 532 467 572 maxime
496 531 636 587 impar
659 539 737 572 est.

341 608 458 648 Nihil
494 616 558 648 est
590 608 631 648 in
668 607 782 648 libro
814 610 872 649 De
899 609 1039 666 Nagia
1068 609 1184 667 quod
1213 625 1298 650 non
1331 627 1352 650 e
1386 612 1596 653 memoria
1624 622 1768 654 extra-

282 685 394 726 xerit
419 701 426 725 :
453 685 594 726 nullas
615 701 686 726 res
714 701 765 725 ex
786 685 926 726 nihilo
948 702 1144 735 evocare,
1171 686 1289 743 quod
1311 686 1491 744 proprie
1510 703 1658 729 creare
1687 698 1767 739 est,
1804 678 1815 685 .-

278 761 408 802 valet.
441 763 557 814 Quin
587 763 735 813 etiam,
769 762 804 803 si
836 778 965 819 quem
996 764 1135 804 virum
1165 764 1274 804 sorte
1303 779 1324 804 e
1353 764 1563 805 memoria
1590 778 1767 807 revoea'-

279 839 405 888 verit,
444 855 531 879 non
566 839 670 880 satis
706 839 822 879 hunc
858 839 969 881 vitae
1005 840 1190 896 quadam
1232 840 1511 882 simulatione
1545 840 1765 900 insignem

278 914 464 955 reddere
489 916 622 966 seiet;
654 915 821 957 scilieet
851 932 948 957 cum
977 916 1029 957 de
1059 918 1248 958 Ilenrieo
1281 917 1474 958 seeundo
1496 933 1565 959 res
1595 919 1762 975 agitur3

275 991 366 1032 vult
399 992 637 1035 walterius
673 995 765 1050 ejus
794 993 976 1051 figuram
1011 993 1256 1045 delineare3
1293 1003 1336 1035 at
1369 993 1480 1035 nihil
1510 994 1628 1036 aliud
1665 994 1766 1036 facit

278 1085 407 1125 quam
440 1079 677 1111 memorata
706 1070 749 1111 in
778 1070 1054 1128 longioribus
1083 1072 1246 1112 chartis
1275 1087 1515 1129 congerere
1546 1080 1588 1113 et
1612 1072 1765 1113 obser-

276 1154 393 1186 vatas
428 1146 590 1188 indolis
619 1155 744 1188 notas
783 1164 790 1187 :
822 1147 929 1188 haec
957 1157 1101 1189 autem
1129 1149 1186 1189 ita
1216 1148 1330 1189 inter
1359 1164 1404 1189 se
1434 1164 1697 1206 componere
1721 1157 1769 1190 ut

276 1239 375 1265 vera
405 1224 546 1265 vivum
582 1224 819 1265 Henrieum
851 1225 980 1265 nobis
1015 1225 1265 1275 restituant,
1302 1225 1543 1269 XValterius
1581 1226 1763 1268 neseit¹.

281 1300 408 1353 Quod
437 1301 474 1342 si
496 1303 583 1357 jam
617 1310 806 1351 narrata,
844 1301 963 1359 quod
993 1318 1122 1358 saepe
1152 1301 1214 1353 fit,
1251 1302 1411 1343 iterum
1442 1311 1593 1343 narret
1620 1303 1648 1353 ²,
1680 1319 1766 1343 non

278 1379 436 1420 iterum
466 1387 641 1419 narrata
669 1395 690 1419 a
719 1379 841 1436 prius
871 1379 1060 1420 narratis
1089 1379 1281 1419 novitate
1302 1378 1390 1419 nlla
1412 1377 1624 1420 differunt
1648 1396 1655 1420 :
1688 1395 1768 1420 nec

277 1456 392 1496 enim
416 1464 560 1497 mente
589 1472 664 1496 sua
694 1455 800 1496 satis
827 1455 946 1513 viget
965 1455 1205 1499 &Valterius
1235 1455 1287 1496 ad
1310 1455 1602 1497 renovandam
1632 1465 1769 1498 mate-

277 1533 383 1573 riam
414 1548 550 1573 suam.

338 1609 418 1649 Cui
433 1617 597 1660 tamen,
616 1625 713 1650 cum
732 1608 968 1650 defuerunt
984 1618 1176 1651 maturae
1195 1609 1347 1651 aetatis
1363 1610 1488 1668 vigor
1505 1612 1766 1667 etjuvenum

277 1686 484 1742 impetus,
510 1701 598 1726 non
626 1685 764 1726 virtus
787 1686 858 1727 illa
888 1686 1044 1738 defuit,
1076 1703 1204 1744 quam
1228 1686 1333 1727 satis
1361 1693 1532 1728 constat
1554 1695 1597 1728 et
1624 1687 1668 1727 in
1698 1702 1766 1727 se-

276 1762 405 1803 nibus
444 1771 486 1803 et
518 1763 562 1803 in
593 1763 826 1819 juvenibus
862 1763 1038 1804 insitam
1079 1779 1189 1815 esse,
1226 1763 1436 1804 narrandi
1469 1771 1606 1804 artem
1647 1763 1762 1804 dieo.

772 1841 1068 1882 0·ravescentis
1103 1841 1257 1882 aetatis
1290 1841 1514 1882 tristitiam
1551 1856 1600 1882 ac
1634 1840 1767 1881 multa

769 1875 794 1899 a>

277 1926 480 1974 expertae
504 1917 843 1976 indulgentiam,
865 1919 1048 1974 juvenes
1078 1918 1279 1959 ardorem
1309 1934 1434 1959 suum
1457 1917 1768 1974 credulamque

279 1841 416 1881 Senes
451 1840 567 1881 enim
597 1843 687 1897 jam
721 1841 764 1881 in

280 2010 426 2035 rerum
451 1994 689 2045 inscitiam,
715 1994 816 2035 dum
840 2004 1037 2046 narrant,
1062 1996 1249 2036 narratis
1272 1994 1621 2036 accommodant.
1649 1995 1768 2047 Quae

280 2072 425 2113 omnia
460 2088 563 2113 num
596 2071 836 2116 WValterius
865 2073 1143 2129 usurpaverit
1175 2073 1219 2113 in
1253 2072 1336 2113 hoc
1366 2072 1430 2113 De
1461 2071 1602 2129 [Vugz's
1636 2072 1766 2121 libro,

281 2165 410 2206 quem
442 2149 485 2189 in
522 2149 638 2207 regis
676 2149 795 2190 curia
827 2149 1000 2201 initum,
1038 2165 1167 2206 saepe
1199 2148 1512 2205 interruptum,
1547 2164 1676 2206 saepe
1718 2164 1770 2189 ex

280 2225 501 2267 oblivione
524 2226 777 2283 repetitum,
796 2226 863 2267 vel
883 2227 997 2267 inter
1020 2225 1286 2286 legationem
1310 2225 1541 2282 quamdam
1563 2225 1632 2266 vel
1654 2225 1770 2266 inter

280 2303 437 2344 itinera
474 2303 572 2354 alia,
604 2303 707 2344 dum
737 2303 874 2360 judex
906 2303 1156 2360 provincias
1180 2303 1420 2347 Walterius
1460 2302 1766 2360 perlustraret,

282 2381 362 2422 sub
396 2381 661 2424 Westburae
695 2381 928 2422 arboribus
962 2389 1034 2422 aut
1064 2381 1108 2422 in
1145 2380 1298 2437 primis
1334 2380 1530 2422 Oxoniae
1564 2379 1768 2420 claustris

282 2457 531 2498 absolutum
554 2474 649 2499 esse
673 2458 851 2508 seimus,
876 2474 993 2499 nunc
1015 2458 1059 2499 id
1081 2458 1207 2498 nobis
1229 2457 1543 2515 inquirendum
1566 2465 1646 2497 est.

342 2535 434 2575 Jam
456 2535 723 2579 NValterium
754 2535 942 2576 vidimus
971 2551 1100 2592 saepe
1129 2543 1170 2575 et
1198 2535 1242 2575 in
1274 2534 1474 2575 maximis
1502 2534 1633 2575 rebus
1667 2533 1769 2574 dum

285 2612 463 2663 viveret,
492 2621 710 2654 versatum
744 2611 895 2661 fuisse,
920 2620 962 2653 et
989 2611 1469 2669 praestantissimorum
1500 2611 1630 2667 hujus
1658 2618 1771 2651 tem-

286 2690 407 2746 poris
430 2690 659 2731 hominum
682 2690 892 2730 societate
907 2705 1033 2730 usum
1050 2703 1167 2742 esse;
1186 2688 1484 2729 renovationis
1506 2687 1642 2738 illius,
1662 2702 1771 2744 quae

326 2837 355 2868 1.
381 2839 427 2867 De
449 2837 567 2879 Nugis,
591 2848 626 2878 p.
648 2839 720 2869 227.

327 2885 356 2916 2.
381 2884 420 2920 Q.
449 2885 549 2925 ibid„
577 2886 636 2921 Ill,
671 2896 748 2925 cap.
782 2885 812 2922 2,
846 2895 924 2924 cap.
951 2885 980 2914 3.
1012 2883 1114 2923 lbid„
1142 2884 1196 2920 IV,
1227 2895 1303 2924 cap.
1333 2886 1367 2921 73
1395 2884 1420 2923 1,
1444 2894 1472 2914 c.
1505 2883 1555 2913 14.
1585 2882 1686 2919 Ibid„
1716 2881 1772 2918 IV,

284 2943 360 2973 cap.
383 2934 416 2969 73
438 2933 481 2972 ΙΙ,
503 2944 532 2964 c,
559 2933 608 2964 13.
630 2932 731 2971 Jbid.,
754 2933 808 2969 IV,
831 2942 906 2972 cap.
930 2932 985 2970 103
1012 2932 1054 2970 11,
1076 2942 1105 2961 c.
1126 2932 1175 2962 13.
