1842 3288
193 304 255 334 158
691 307 742 331 DE
775 305 1004 332 WALTfinlo
1041 304 1197 330 MAl‘Pio

195 409 354 441 aerem,
406 408 504 432 nam
544 391 632 442 illa,
677 391 902 432 sororibus
950 389 1128 439 auditis,
1169 389 1401 446 disparuit.
1456 407 1476 428 »
1517 389 1689 442 Quibus

196 470 400 519 narratis,
430 468 687 518 Walterius,
721 477 809 508 tum
838 467 1028 524 primum
1060 465 1364 507 misericordia
1388 475 1545 516 taetus,
1577 466 1689 507 haec

195 546 316 588 addit
351 562 358 586 :
393 564 411 583 «
436 545 660 586 Poenituit
683 560 787 601 ergo
811 545 1016 600 juvenem
1059 558 1264 584 excessus
1304 551 1392 583 tam
1421 543 1614 584 enormis
1644 551 1686 584 et

195 622 412 672 damnosi,
438 621 670 679 locumque
706 621 835 678 petiit
867 620 982 661 unde
1017 629 1189 677 raptum
1227 619 1405 667 fecerat,
1449 619 1525 660 sed
1553 619 1687 660 nullis

194 716 287 741 eam
310 698 502 747 fletibus,
526 698 659 739 nullis
683 697 918 754 ejulatibus
941 713 1146 738 revocare
1169 696 1330 753 potuit.
1357 696 1583 737 Clamabat
1605 712 1684 753 per

194 777 310 818 diem
334 785 375 817 et
398 784 588 826 noctem,
620 774 696 816 sed
725 774 777 816 ad
806 774 1105 831 insipientiam
1135 774 1235 822 sibi,
1268 789 1366 814 nam
1394 773 1479 814 vita
1505 775 1598 830 ejus
1622 773 1683 814 ibi

193 854 356 896 defecit
389 853 432 894 in
465 852 616 893 dolore
651 852 876 893 continuo.
913 870 934 891 >›
967 852 1054 901 Sic,
1093 852 1192 908 quia
1235 851 1320 891 duo
1354 857 1523 891 tantum
1550 850 1682 891 verba

194 947 281 972 non
304 930 492 971 dicenda
514 930 699 978 dixerat,
720 945 854 986 eques
877 945 1070 970 amorem
1093 929 1269 986 ignotae
1292 928 1510 985 nymphae
1538 926 1684 984 perdi-

194 1007 274 1060 dit,
300 1024 427 1064 quae,
468 1006 673 1047 silvarum
708 1006 890 1047 odorem
925 1006 1115 1047 suaviter
1158 1004 1380 1055 redolens,
1418 1003 1685 1061 praestantis

194 1084 358 1126 formae
386 1084 572 1142 gratiam
596 1084 680 1141 ipsi
703 1082 940 1124 obtulerat.

253 1162 415 1202 Eadem
439 1169 480 1201 et
508 1160 688 1218 propria
710 1169 829 1211 nota,
850 1175 1099 1217 quanquam
1119 1159 1261 1200 minus
1286 1158 1467 1216 insigni,
1494 1157 1681 1198 decorae

193 1248 295 1280 sunt
323 1239 600 1279 narrationes
617 1238 659 1278 in
685 1238 845 1294 quibus
869 1237 1073 1293 Mappius
1097 1252 1274 1277 suorum
1297 1235 1456 1276 civium
1485 1233 1683 1275 indolem

194 1316 422 1373 a‘ptissime
450 1315 663 1355 describit
682 1316 709 1366 ¹,
741 1314 1052 1370 subtiliterque
1083 1321 1301 1354 serutatur
1330 1328 1481 1353 eorum
1517 1319 1686 1352 mentes

193 1392 402 1434 miracula
442 1392 620 1449 quidem
656 1391 895 1441 sitie11tes²,
935 1391 1078 1431 minus
1113 1398 1259 1431 tamen
1292 1398 1429 1430 tactas
1470 1387 1683 1428 inauditis

192 1471 446 1511 morborum
472 1468 793 1519 curationibus,
818 1469 929 1508 tanti
950 1468 1082 1525 pretii
1098 1466 1262 1507 habitis
1279 1466 1323 1507 in
1346 1474 1497 1507 nostra
1520 1464 1679 1515 Gallia,

193 1563 320 1604 quam
363 1546 554 1603 sepulcri
596 1545 768 1586 areanis
815 1554 856 1586 et
903 1544 1131 1585 nocturnis
1173 1544 1404 1601 speciebus
1445 1558 1555 1599 quae
1601 1541 1682 1582 sub

193 1624 343 1665 umbra
374 1623 580 1663 silvarum
610 1631 824 1679 apparent
849 1639 856 1662 :
889 1621 1057 1678 aliquid
1088 1620 1278 1678 denique
1314 1619 1456 1660 simile
1485 1619 1681 1659 invenire

191 1710 257 1742 est
290 1700 406 1757 apud
438 1708 641 1756 excerpta
677 1716 698 1740 e
730 1698 953 1740 chronicis
988 1697 1366 1755 anglo-saxonicis
1402 1712 1512 1754 quae
1541 1695 1683 1736 adhue

191 1778 341 1838 ignota
375 1776 559 1817 tradidit
585 1776 834 1833 Mappius³.
869 1775 942 1817 Sic
971 1775 1161 1833 effigiem
1199 1774 1404 1832 depingit
1429 1773 1494 1830 pii
1520 1773 1681 1830 equitis

191 1855 281 1912 qui,
309 1863 353 1895 ut
382 1854 618 1911 perhibent
644 1870 651 1893 :
685 1871 704 1892 <‹
732 1853 858 1894 Pacis
882 1861 974 1894 erat
1003 1861 1172 1893 amator
1193 1860 1235 1892 et
1263 1859 1459 1892 assertor
1481 1850 1683 1900 eximius,

190 1940 419 1988 totumque
449 1930 661 1971 mundum
687 1930 905 1970 circuiens
932 1929 1124 1970 famosos
1157 1927 1319 1985 ubique
1348 1926 1550 1968 interfuit
1577 1942 1685 1967 con-

191 2009 416 2066 gressus'l,
453 2023 581 2047 causa
622 2022 795 2064 semper
829 2006 1038 2063 utrinque
1073 2005 1265 2063 cognita,
1302 2012 1516 2062 quatenus
1557 2003 1682 2044 fieret

191 2086 376 2142 injuriae
405 2084 643 2142 depressor
672 2092 714 2124 et
746 2083 908 2124 athleta
935 2083 1149 2140 justitiae,
1179 2091 1221 2122 et
1248 2082 1351 2139 quia
1379 2096 1605 2137 nunquam
1629 2080 1681 2120 ab

190 2162 366 2218 incepto
399 2161 571 2202 resiluit
595 2176 674 2201 nec
700 2161 870 2201 actibus
902 2160 1069 2201 recusis
1099 2158 1353 2200 retrocessit
1378 2174 1399 2198 a
1431 2165 1545 2198 voto.
1576 2158 1682 2198 Om-

190 2256 289 2280 nem
319 2239 434 2280 enim
468 2239 632 2279 habere
663 2238 924 2294 sapientiam
954 2237 1145 2285 aiebant,
1177 2236 1351 2294 linguas
1384 2234 1684 2293 quorumlibet

190 2316 452 2374 loquebatur
493 2331 749 2373 regnorum,
793 2323 835 2356 et
875 2314 1097 2371 frequenti
1144 2313 1352 2354 felicitate
1399 2327 1680 2352 successuum

192 2393 327 2434 totius
344 2393 454 2433 vitae
470 2392 701 2434 videbatur
724 2391 1022 2432 obedientiam
1039 2391 1256 2440 obtinere,
1281 2398 1492 2446 tanquam
1515 2388 1687 2445 optioni

195 2486 295 2511 suae
326 2477 536 2526 parerent
570 2468 807 2510 animantia
849 2468 1045 2509 omnium
1081 2466 1357 2508 motabilium
1397 2477 1437 2507 et
1473 2466 1691 2506 haberent

166 2541 175 2551 ⁶
196 2547 579 2605 intelligentiam5.
623 2564 642 2585 »
676 2547 785 2587 Cum
817 2546 1024 2603 Mappius
1059 2544 1189 2586 nobis
1231 2543 1426 2604 ostendit
1458 2542 1691 2584 Herculem

235 2666 264 2695 1.
287 2664 375 2696 Dist.
397 2665 454 2702 11³,
481 2666 511 2700 9,
537 2664 589 2701 10,
614 2664 665 2699 20,
688 2664 738 2699 21,
763 2664 813 2701 22,
835 2663 885 2700 23,
910 2663 962 2694 26.

234 2713 263 2743 2.
286 2712 388 2750 Ihm„
411 2723 445 2752 p.
469 2712 519 2750 11,
540 2711 589 2749 12,
615 2711 666 2741 13.
689 2710 739 2746 14,
761 2711 810 2747 15,
838 2710 888 2741 16.

232 2762 261 2789 3.
285 2759 386 2795 Ibid.,
410 2760 459 2791 17.
483 2759 569 2789 Dist.
596 2759 648 2797 V³‚
670 2758 699 2793 2,
726 2759 756 2797 3,
784 2759 815 2789 4.

231 2808 261 2837 4.
288 2806 343 2836 Sic
367 2806 400 2835 in
419 2806 564 2847 Wright
588 2805 750 2836 editione.

233 2856 262 2884 5.
281 2856 327 2884 De
350 2853 469 2895 Nugis,
491 2865 526 2894 p.
552 2854 602 2884 86.
