1873 3329
485 322 534 346 DE
568 320 777 346 WALTERM
814 320 955 346 MAPPH
991 321 1087 345 vt‘rA
1493 317 1530 346 57

45 425 147 450 suae
175 408 406 466 potestatis·
441 405 715 447 adversarios
753 405 1049 450 intercedens,
1089 407 1162 462 qui
1199 405 1388 462 deniqne
1422 406 1530 446 Gui-

46 485 239 527 lielmum
263 486 406 525 vocari
431 504 448 522 «
477 493 642 541 patrem
673 483 887 538 equitum,
914 498 1071 539 panem
1096 498 1337 538 pauperum
1368 491 1410 523 et
1432 498 1528 523 eum

45 562 119 620 qui
143 570 291 619 posset
320 561 371 601 ad
400 569 550 601 nutum
581 559 880 616 quorumlibet
902 559 1035 599 corda
1060 568 1225 599 mutare
1254 578 1290 599 ».
1316 559 1413 599 Alio
1437 558 1531 600 loco

45 639 198 680 scribit
215 648 364 679 auctor
383 646 529 678 noster
549 654 555 676 :
579 655 598 675 «
622 636 792 691 Dejeeit
809 636 955 676 onmia
974 636 1210 692 municipia
1229 636 1352 692 qnasi
1370 651 1530 676 cornua

45 715 129 756 sibi
158 715 399 756 retundens
427 723 468 755 et
504 714 622 772 leges
652 713 689 753 ei
719 712 891 753 debitas
921 712 1238 768 libertatesque
1267 713 1456 769 negavit,
1488 721 1531 752 et

46 792 221 833 nimiam
270 792 459 833 inimicis
511 790 601 831 suis
642 789 763 830 dedit
807 790 849 829 in
897 790 1203 846 possessiones
1246 805 1343 830 suas
1385 798 1533 846 potes-

44 876 194 909 tatem.
231 887 249 905 »
274 867 469 920 Quadam
493 867 580 914 die,
601 882 697 907 cum
729 866 915 907 solemni
944 866 1146 907 convivio
1170 866 1298 906 simul
1330 866 1534 907 adessent

48 945 261 986 llenricus
278 946 457 1001 ejusque
475 951 563 984 tres
580 943 674 991 filii,
699 942 985 991 Godesridus,
1007 943 1222 983 Ilenricus
1239 951 1280 983 et
1297 942 1528 991 Ricardus,

45 1036 213 1062 necnon
261 1028 303 1062 et
331 1020 545 1061 Henricus
584 1020 687 1065 Leo,
734 1019 819 1059 dux
859 1020 1069 1060 Bavariae
1104 1028 1145 1060 et
1184 1020 1421 1069 Saxoniae,
1459 1019 1532 1075 qui

45 1098 258 1156 profugus
296 1098 348 1138 ab
371 1097 557 1154 Angliae
586 1112 689 1153 rege
718 1096 914 1152 hospitio
944 1104 1152 1152 exceptus
1187 1096 1348 1145 suerat;
1381 1113 1401 1134 «
1433 1111 1532 1136 cum

44 1175 217 1217 adesset
256 1174 326 1215 die
367 1174 478 1215 festo
519 1174 678 1214 natalis
725 1173 906 1213 domino
944 1173 1053 1232 regi,
1098 1173 1173 1230 qui
1215 1172 1338 1213 daret
1377 1188 1533 1229 aquam

46 1252 248 1293 manibus
289 1253 399 1309 ejus,
443 1266 543 1292 ecce
584 1266 662 1307 per
691 1249 884 1290 medium
913 1265 1146 1306 pressurae
1180 1249 1448 1298 XViHehuus,
1483 1265 1534 1290 co

45 1329 164 1386 quod
199 1337 316 1370 esset
347 1344 540 1370 summus
575 1328 856 1377 camerarius,
898 1326 1047 1367 multis
1076 1327 1316 1383 equitibus,
1349 1335 1397 1367 ut
1443 1342 1534 1367 mos

48 1409 143 1464 ejus
165 1414 257 1447 erat
291 1406 540 1454 comitatus,
573 1413 614 1445 et
643 1404 756 1461 palla
792 1405 1006 1461 projecta,
1036 1404 1149 1444 sicut
1182 1420 1274 1444 mos
1298 1412 1363 1444 est
1387 1403 1533 1444 minis-

50 1492 235 1533 trorum,
266 1482 414 1540 pelves
443 1490 674 1539 argenteas
704 1481 903 1538 arripuit,
938 1481 1157 1538 traxitque
1181 1480 1351 1521 sortiter
1383 1480 1436 1520 ad
1464 1496 1526 1521 se.

47 1561 245 1602 Tenebat
269 1559 341 1601 ille
363 1560 428 1601 vir
448 1574 684 1616 regemque
708 1558 989 1615 respiciebat,
1009 1558 1083 1615 qui
1101 1558 1234 1614 jussit
1255 1573 1326 1598 eas
1349 1557 1529 1608 dimitti,

47 1636 329 1694 suscepitque
358 1635 578 1693 patienter
610 1651 766 1691 aquam
795 1634 848 1676 de
878 1635 1045 1691 rapina.
1078 1652 1097 1672 «
1129 1636 1238 1676 Cum
1268 1633 1531 1674 Guilielmus

47 1714 173 1771 Regi,
218 1714 352 1772 Regis
405 1712 507 1753 filiis
549 1721 590 1752 et
636 1712 745 1753 Duci
798 1712 957 1769 pelvim
1006 1711 1255 1760 obtulisset,
1306 1711 1530 1767 praesenti

46 1806 220 1848 semper
256 1790 417 1840 animo,
450 1789 657 1846 superbia
689 1788 869 1830 minime
907 1788 1123 1844 deposita,
1164 1788 1317 1844 pelves
1353 1788 1532 1844 proprio

47 1867 197 1908 clienti
218 1866 338 1908 dedit
362 1875 404 1907 et
426 1866 578 1907 sedere
602 1866 812 1923 perrexit.
842 1883 862 1904 »

107 1946 197 1985 Hoc
225 1943 365 1985 audax
387 1943 546 1984 factum
575 1943 674 1984 illos
700 1943 841 1984 varios
871 1952 1014 1984 motus
1042 1943 1085 1983 in
1117 1942 1391 1984 auditoribus
1414 1942 1531 1982 exci-

46 2022 152 2063 tavit
180 2037 289 2079 quos
317 2030 514 2062 oratores
549 2020 718 2078 politici
747 2020 938 2061 libenter
967 2020 1185 2070 referunt3
1217 2019 1290 2060 alii
1318 2019 1403 2059 alta
1430 2034 1534 2059 voce

47 2098 370 2155 vituperabant,
402 2097 593 2139 demissa
620 2098 869 2154 probabant
896 2097 985 2138 alii.
1019 2114 1040 2136 «
1070 2098 1119 2138 In
1150 2097 1341 2138 crastino
1376 2111 1532 2137 eonse-

48 2175 152 2217 dere
177 2175 310 2217 duces
336 2193 375 2225 »,
401 2174 645 2216 senecallus
667 2190 770 2214 vero
793 2174 1088 2215 Nox-manniae
1109 2190 1158 2215 os
1181 2173 1383 2231 aperiens
1401 2172 1538 2230 jurgii

48 2270 200 2296 causas
228 2255 342 2295 inter
370 2254 536 2295 aulicos
567 2263 608 2295 et
636 2253 956 2294 Tanearvillam
987 2253 1183 2310 exponit.
1219 2253 1374 2309 Surgit
1402 2252 1536 2309 igitur

49 2340 92 2372 et
141 2331 339 2373 oratione
396 2331 583 2388 quadam
644 2330 752 2372 adeo
806 2330 953 2387 lepide
1008 2330 1229 2371 eleborata
1287 2330 1535 2385 litterisque

51 2417 258 2450 exornata
285 2416 333 2449 ut
359 2408 412 2449 de
435 2408 770 2449 authenticitate
802 2407 1028 2449 dubitares
1056 2407 1279 2464 (Ovidium
1308 2407 1394 2448 imo
1416 2405 1537 2462 citat.)

50 2486 311 2543 objicientes
358 2486 554 2527 confutat
593 2494 636 2526 et
680 2485 1020 2526 calumniatores
1066 2485 1328 2526 contundit.
1379 2501 1399 2522 «
1440 2483 1537 2524 Vim

52 2562 228 2620 quidem
246 2562 392 2612 intuli,
412 2578 498 2603 non
520 2561 790 2603 violentiam.
809 2562 925 2614 Quid
941 2562 1074 2602 armis
1095 2561 1144 2602 fit
1163 2562 1256 2602 sine
1272 2561 1540 2601 vi?Yerum-

54 2647 201 2681 tamen
225 2641 343 2696 justa
370 2640 410 2680 vi
434 2641 621 2697 jureque
644 2639 756 2680 traxi
789 2638 953 2696 pelveS,
980 2654 1174 2679 summus
1202 2638 1377 2679 Domini
1406 2636 1540 2693 Regis

54 2717 321 2757 camerarius
344 2732 452 2774 quas
487 2716 560 2757 ille
589 2715 792 2757 subditus
822 2731 942 2756 meus
971 2724 1232 2772 extorquere
1260 2722 1434 2755 coactus
1457 2721 1537 2753 est.

56 2793 282 2834 Desistant
311 2809 385 2835 eos
420 2793 628 2851 persequi
662 2793 707 2833 in
741 2792 914 2834 occulto
942 2808 1052 2850 quos
1081 2792 1124 2832 in
1153 2791 1383 2832 manifesto
1417 2790 1540 2846 sequi

53 2869 123 2911 vel
153 2869 304 2911 audire
341 2869 580 2911 formidant
612 2887 656 2920 »;
686 2870 891 2910 Fortasse
926 2869 1138 2926 opineris,
1170 2869 1250 2909 hac
1284 2867 1407 2908 finita
1440 2882 1539 2907 con-
