1842 3288
295 348 334 375 60
787 347 837 372 DE
871 346 1094 372 WALTEnlo
1129 345 1285 371 MAPPIO

296 437 510 493 dispares.
537 434 571 475 A
595 436 825 490 juventute
849 433 1016 489 pariter
1042 432 1146 473 victi
1169 431 1342 472 fuerant
1364 430 1437 471 illa
1464 431 1721 473 incredibili
1744 441 1787 474 et

296 521 474 554 venusta
516 509 724 551 Abelardi
771 508 1050 566 eloquentia.
1088 508 1331 552 Walterius
1368 508 1573 566 Mappius
1623 509 1787 551 nobilis

297 590 412 630 illius
441 587 699 644 philosophi
735 585 918 643 figuram
955 585 1040 627 alte
1083 586 1367 642 impresserat
1401 585 1445 625 in
1478 586 1650 637 animo,
1688 601 1785 627 cum

298 666 477 706 Parisiis
518 664 724 721 degebat,
764 670 837 702 aut
865 663 1106 703 Carnotum
1145 663 1376 717 Trojamve
1405 661 1694 705 iterfaciebat.

355 742 579 783 Gilbertus
619 740 781 786 Foliot‚
815 739 858 779 in
904 739 1120 779 coenobio
1151 738 1436 780 Cluniacensi
1470 747 1512 778 et
1541 739 1594 779 ab
1630 739 1788 781 abbate

299 822 426 860 l'ctro
456 817 697 859 venerabili
727 816 937 857 educatus
974 819 1074 873 (tam
1116 816 1342 857 familiaris
1372 815 1619 873 discipulus
1646 815 1788 858 sactus

297 905 342 937 ut
358 896 451 952 ipse
469 895 681 936 maturius
699 894 837 935 factus
860 894 990 935 suerit
1005 893 1127 951 prior
1149 893 1477 935 Abbevillensis
1500 902 1542 934 et
1564 877 1794 972 Glocestri)

297 974 412 1013 ensis
442 972 846 1027 monasteriorum),
872 972 917 1011 in
939 971 1144 1030 Angliam
1168 972 1330 1012 reverti
1362 987 1449 1012 non
1479 979 1653 1027 poterat
1680 971 1786 1027 quin

296 1051 578 1090 vehementer
605 1048 861 1090 Abelardun
891 1048 1141 1089 miraretur.
1166 1048 1443 1090 Venerabilis
1472 1048 1587 1088 enim
1612 1048 1786 1099 Petrus,

297 1127 485 1186 insignis
511 1126 728 1167 libertatis
752 1126 893 1167 fautor
921 1134 1051 1182 atque
1087 1125 1311 1167 Ecclesiae
1338 1125 1617 1175 reformator,
1642 1125 1789 1182 hospi-

299 1205 406 1244 tium
438 1202 660 1246 Abelardo
688 1202 962 1243 eondonarat
995 1211 1095 1260 post
1134 1203 1392 1244 Senonense
1420 1201 1657 1243 concilium
1685 1217 1790 1259 pro-

300 1280 556 1337 videratque
586 1279 801 1337 puerulo¹
831 1296 960 1338 quem
989 1280 1042 1320 ab
1077 1279 1275 1320 Heloissa
1307 1287 1578 1336 susceperat,
1616 1294 1789 1320 necnon

301 1366 343 1398 et
374 1357 580 1397 morienti
607 1357 820 1415 Magistro
847 1382 905 1388 —
932 1365 980 1397 ut
1014 1357 1203 1413 ipsemet
1228 1364 1354 1397 vocat
1380 1381 1438 1387 -—
1465 1356 1788 1397 absolutionem

300 1435 477 1475 miserat
501 1449 630 1491 quam
657 1434 873 1474 instanter
901 1442 1130 1491 rogaverat
1157 1433 1342 1474 amatrix
1363 1432 1556 1474 desolata
1571 1433 1601 1484 ²,
1632 1432 1792 1473 multo-

300 1511 381 1552 ties
422 1511 613 1568 denique
651 1511 970 1552 Cistereienses
1009 1510 1282 1551 adversarios
1316 1510 1404 1551 imo
1438 1518 1480 1551 et
1515 1509 1791 1551 Bernardum

299 1589 501 1629 abbatem
517 1589 530 1609 ³
549 1588 760 1629 dimicare
786 1603 874 1628 non
898 1588 1193 1628 dubitaverat.

359 1665 587 1707 Gilbertus
617 1665 837 1722 colloquia
866 1680 963 1705 cum
986 1665 1118 1705 Petro
1134 1664 1390 1706 Venerabili
1412 1664 1556 1705 vivide
1578 1664 1791 1721 impressa

299 1744 343 1783 in
396 1743 605 1783 memoria
666 1743 900 1794 retinebat,
955 1750 1221 1798 strenuaque
1281 1741 1522 1783 certamina
1579 1741 1687 1782 adeo
1745 1749 1794 1782 ut

298 1819 487 1860 libenter
508 1820 719 1876 probaret
744 1821 897 1875 jocosa
934 1819 1066 1859 verba
1095 1834 1198 1859 sane
1229 1819 1374 1860 minus
1401 1818 1650 1860 verecunda
1679 1833 1791 1875 quae

297 1906 451 1938 contra
489 1897 764 1938 Bernardum
798 1896 1040 1940 Walterius
1080 1896 1286 1953 Mappius
1322 1912 1410 1937 non
1452 1895 1588 1937 semel
1628 1895 1790 1937 emisit.

299 1973 496 2026 Quadam
525 1982 643 2014 certe
669 1973 756 2022 die,
788 1973 955 2014 audivit
973 1975 1172 2030 jocosum
1203 1981 1428 2014 auctorem
1457 1972 1510 2014 de
1535 1973 1674 2030 Nugis
1697 1973 1792 2014 Cis-

297 2051 592 2092 tereiensibus
615 2050 979 2108 respondentem,
1005 2059 1238 2108 postquam
1273 2049 1463 2091 confessi
1493 2058 1610 2097 sunt,
1643 2065 1792 2090 coram

301 2128 521 2168 Cluniaois
553 2128 798 2178 monachis,
828 2127 1103 2168 Bernardum
1132 2143 1219 2168 non
1241 2127 1437 2184 potuisse
1467 2127 1793 2168 adolescentem

300 2206 529 2245 suscitare.
563 2223 583 2244 «
607 2206 703 2246 Non
736 2205 943 2256 surrexit,
965 2205 1140 2261 jacebat
1161 2204 1278 2245 enim
1308 2212 1520 2245 mortuus.
1549 2221 1570 2242 ))
1596 2221 1616 2242 «
1646 2204 1796 2244 Mona-

301 2282 479 2322 ehorum
506 2281 836 2322 infelicissimus
865 2282 935 2322 hic
965 2282 1073 2332 fuit;
1101 2296 1326 2338 nunquam
1358 2280 1474 2322 enim
1503 2280 1647 2321 audivi
1675 2279 1795 2337 quod

301 2358 457 2415 aliquis
488 2359 727 2399 monachus
757 2375 888 2416 super
908 2374 1101 2416 puerum
1128 2357 1404 2399 incubuisset
1425 2358 1501 2415 qui
1523 2357 1670 2399 statim
1691 2365 1795 2414 post

299 2435 443 2492 ipsum
472 2436 737 2477 surrexisset
760 2452 874 2492 puer
895 2437 923 2477 ⁴.
954 2454 974 2475 »

359 2512 588 2568 Gilbertus
623 2521 665 2554 et
701 2513 958 2561 VValterius‚
997 2514 1150 2554 aetatis
1199 2521 1394 2554 maturae
1429 2520 1678 2569 compotes,
1718 2511 1796 2552 iis-

299 2589 398 2630 dem
425 2589 469 2630 in
499 2590 652 2630 castris
688 2589 928 2640 bellabant,
961 2590 1102 2631 eidem
1125 2589 1428 2631 adheraebant
1451 2589 1562 2647 regi,
1588 2588 1794 2630 laborum

341 2719 369 2749 1.
396 2719 456 2748 Sat
477 2718 613 2749 curioso
632 2718 768 2749 nomine
785 2719 970 2749 Astrolabo
994 2719 1176 2759 insignito.

343 2766 371 2796 2.
392 2765 476 2797 Hist.
503 2766 582 2802 litt,
607 2766 694 2803 XIII,
722 2777 756 2806 p.
778 2767 849 2803 245,
875 2771 908 2797 et
929 2767 1040 2807 Epist.
1064 2768 1118 2803 IV,
1140 2767 1190 2804 21,
1215 2767 1271 2804 VI,
1293 2767 1344 2798 22.

341 2814 370 2843 3.
396 2813 458 2853 Ep.
485 2813 510 2852 Ι,
536 2814 645 2843 28.1n
678 2813 818 2843 Litteris
849 2814 893 2843 ad
920 2814 995 2844 Div.
1021 2814 1252 2851 Bernardum,
1277 2814 1316 2844 19
1347 2813 1493 2844 crimina
1523 2813 1652 2843 refutat
1678 2816 1798 2842 contra

305 2860 489 2890 Cluniacos
512 2861 700 2891 monachos
723 2861 830 2891 allata
849 2872 867 2890 a
889 2861 1190 2893 Cistersiencibus.

344 2909 373 2936 4.
394 2910 439 2937 De
458 2908 577 2949 Nugis,
595 2919 630 2948 p.
651 2909 703 2938 42.
