1873 3329
613 293 663 318 ΒΕ
697 294 752 318 w.
792 293 946 318 ΜΑΡΡΙΟ
983 293 1114 318 POETA
1556 289 1609 316 1¹³2·

181 377 302 419 llaud
325 394 428 418 sani·
452 378 624 418 casatis
649 387 764 419 sunt.

179 453 342 495 Eodem
377 455 589 495 orationis
625 471 781 494 vacuae
819 454 1062 510 incertique
1095 454 1195 509 styli
1233 469 1361 494 sensu
1398 453 1610 494 allicimur

117 531 158 572 in
198 530 328 572 satira
370 532 531 572 Contra
563 531 815 571 amln'tiomm
851 541 888 571 el
924 526 1098 570 avaro-si.
1140 531 1243 570 Post
1272 530 1606 570 lamentationes

114 607 167 649 de
214 608 376 649 sacculi
419 607 774 665 depravationc¹‚
826 616 1069 663 sequuntur
1110 607 1297 665 gemitus
1341 607 1392 646 do
1437 606 1604 663 praela—

79 693 81 696 '
113 693 256 725 torum
286 685 617 741 c01·1·uptione²;
656 684 696 724 in
734 684 894 740 quibus
933 683 1053 723 nullo
1092 683 1186 723 loco
1221 692 1403 739 apparet
1434 684 1521 723 veri
1562 692 1602 723 et

113 760 243 802 vividi
287 761 470 818 aliquid,
521 760 696 801 lectoris
740 768 926 817 tangens
972 760 1178 800 animum.
1230 761 1393 800 Auctor
1433 759 1604 799 videtui·

112 837 339 878 elaborare
375 837 418 877 in
454 836 679 877 tractanda
718 837 896 876 materia
925 852 944 876 a
983 837 1191 894 magistro
1227 836 1469 876 carminum
1505 835 1602 876 lati-

113 929 269 954 norum
310 914 459 954 nescio
492 929 577 970 quo
615 913 792 953 tradita.
833 913 906 954 Sic
943 913 1149 970 religiose
1189 913 1333 953 vorbis
1368 912 1601 969 amplificat

112 989 304 1046 pericula
345 1006 397 1031 ex
431 989 741 1047 depravatione
778 1006 944 1030 morum
987 990 1030 1030 in
1069 990 1202 1033 clero.
1246 989 1432 1046 ideoque
1467 988 1600 1029 multa

111 1066 287 1108 disserit
313 1066 366 1107 de
397 1067 518 1125 gravi
548 1066 804 1107 discrimine
830 1067 871 1107 in
902 1066 1018 1124 quod
1047 1067 1163 1107 venit
1196 1066 1387 1107 Ecclesia
1418 1074 1600 1123 propter

112 1143 220 1184 mala
249 1143 544 1201 praelatorum
573 1143 771 1200 exempla
785 1146 814 1194 ³,
837 1144 982 1185 curiae
1010 1144 1231 1184 Romanae
1259 1142 1596 1200 corruptelam‘‚

111 1235 343 1280 moresque
374 1220 649 1262 sacerdotum
685 1220 928 1261 deteriores
944 1223 971 1262 5.
1012 1221 1144 1262 Poeta
1181 1220 1434 1277 frequenter
1463 1220 1598 1260 inter-

110 1297 338 1355 rogatione
379 1298 531 1347 utitur,
576 1306 616 1338 et
664 1297 824 1355 repetit
864 1313 948 1338 non
990 1313 1151 1354 paucos
1185 1298 1464 1354 antiquorum
1494 1311 1598 1353 poe-

108 1381 249 1415 tarum
276 1390 443 1416 versus.

367 1482 463 1522 Quis
487 1482 606 1520 furor,
630 1493 651 1515 o
675 1482 789 1520 cives,
815 1494 908 1527 quac
933 1489 1033 1515 tanta
1053 1481 1244 1515 licentiae?

163 1589 260 1630 Non
283 1587 447 1629 omittit
475 1603 620 1629 musas
643 1588 845 1629 invocare
879 1605 885 1627 :

387 1699 548 1744 Spargat
570 1711 662 1743 crgo
684 1700 862 1744 primitus
886 1712 953 1733 sua
976 1700 1059 1733 Clio
1077 1700 1201 1744 jacula

389 1755 428 1788 In
451 1755 538 1789 illos
557 1767 654 1802 quos
677 1756 803 1801 operit
821 1756 1027 1801 pastoralis
1050 1756 1177 1789 infula.

162 1870 245 1910 Tot
297 1868 490 1909 locorum
545 1868 843 1910 communium
902 1869 1014 1910 mole
1068 1869 1205 1910 lector
1258 1869 1464 1917 obrutus,
1513 1884 1592 1909 nec

104 1946 302 1987 meminit
324 1961 369 1986 se
397 1945 544 2003 legere
573 1946 767 1996 satiram,
794 1955 837 1987 et
869 1946 1029 2003 stylum
1054 1947 1226 2003 quaerit
1253 1955 1298 1987 ut
1326 1954 1447 1987 notet
1474 1945 1592 1987 locos

102 2023 279 2073 citatos,
328 2023 562 2064 verborum
611 2023 976 2080 compositiones,
1028 2024 1268 2065 sententias
1314 2039 1591 2074 communes,

101 2100 262 2157 quibus
285 2100 379 2156 ipse
402 2108 552 2157 postea
577 2107 738 2141 utatur.
1450 2132 1452 2135 -

162 2177 207 2219 Si
246 2192 367 2225 vero,
418 2176 505 2217 illis
553 2176 735 2218 secundi
782 2177 951 2218 ordinis
997 2178 1266 2220 carminibus
1305 2180 1377 2221 W.
1426 2178 1593 2235 Mappii

100 2253 292 2304 omissis,
322 2268 438 2294 nunc
476 2253 626 2294 oculos
662 2262 704 2294 et
735 2263 926 2295 mentem
955 2255 1233 2296 advertamus
1266 2254 1319 2296 ad
1346 2255 1452 2296 haec
1487 2271 1593 2312 poe-

102 2331 247 2371 mata⁷
283 2345 392 2386 quae
439 2329 492 2371 ad
528 2346 608 2371 nos
641 2346 795 2388 usque,
834 2332 959 2388 quasi
1005 2331 1146 2374 delata
1188 2332 1362 2374 fremitu
1403 2332 1590 2374 admira-

138 2465 151 2494 1

139 2513 169 2542 2.
349 2535 356 2542 .

138 2561 168 2589 3.
194 2559 220 2587 V
255 2559 344 2588 70-9‘)

137 2606 155 2634 4

139 2655 166 2683 5.
185 2653 224 2684 V.
248 2653 396 2683 120-132.

137 2702 168 2731 6.
188 2701 227 2731 V.
248 2701 298 2732 16.

138 2748 166 2777 7.
193 2747 349 2778 Tertium
387 2752 420 2778 et
450 2748 612 2779 ultimum
643 2760 752 2790 genus
795 2755 994 2790 poematum
1030 2752 1276 2792 complectitur
1314 2763 1319 2782 :
1355 2753 1591 2794 Apocalypsim

98 2793 216 2825 Goliae
242 2794 406 2836 episcopi2
434 2796 731 2837 Metamorphosim
760 2796 880 2826 Goliae
905 2797 1071 2839 episcopz'3
1094 2799 1135 2828 de
1160 2799 1308 2840 Conjuge
1329 2810 1392 2830 non
1417 2800 1590 2837 ducenda:

97 2840 275 2883 Dialogum
303 2841 389 2872 inter
409 2853 533 2883 aquam
553 2846 584 2872 el
608 2843 730 2874 vinum.
