1842 3288
259 332 318 361 ‘108
753 332 804 357 DE
831 330 1055 357 WALTEulO
1089 329 1245 354 MAPPlo

259 421 448 462 cularius
486 427 628 459 autem
667 433 716 458 ac
754 417 879 473 pueri
927 432 1023 457 cum
1066 414 1477 455 animadvertissent
1521 413 1747 455 dominum

260 514 383 538 suum
413 496 552 553 magis
585 495 640 536 ob
672 510 871 535 somnum
901 494 989 534 vini
1014 493 1312 533 immemorem
1342 492 1385 531 in
1408 490 1500 532 dies
1529 491 1639 542 fieri,
1665 499 1749 532 sta-

258 582 439 615 tuerunt
473 572 651 621 cotidie,
683 572 824 630 prima
863 570 1005 611 noctis
1039 569 1205 627 vigilia,
1243 584 1371 608 omne
1401 568 1549 609 vinum
1577 568 1745 609 bibere.

261 651 348 694 Sed
384 668 405 690 «
442 649 629 707 contigit
664 657 709 689 ut
744 664 819 688 rex
852 648 895 687 in
926 646 1163 688 conticinio
1198 645 1346 685 vinum
1378 653 1563 701 peteret,
1589 653 1630 686 et
1663 660 1750 685 non

259 737 362 769 erat.
416 726 569 783 Surgit
619 727 822 783 Paganus
879 741 900 763 ))
955 724 1052 780 (hoc
1106 722 1376 764 cubiculario
1428 737 1587 762 nomen
1644 722 1749 774 erat)

261 822 281 843 «
329 804 565 861 puerisque
613 802 774 851 citatis,
822 801 930 841 nihil
980 799 1161 841 invenit.
1206 798 1511 856 Deprehendit
1556 813 1629 838 eos
1678 813 1753 838 rex

259 890 468 922 venantes
496 881 643 921 vinum
667 888 709 919 et
738 894 823 918 non
847 878 1137 939 invenientes.
1169 876 1364 917 Advoeat
1391 891 1495 932 ergo
1526 876 1750 933 Paganum

261 966 519 1000 trementem
551 965 592 997 et
619 955 839 1002 timidum,
872 963 911 994 et
942 953 1000 994 ait
1032 971 1039 993 :
1074 972 1094 992 «
1126 954 1244 1006 Quid
1271 954 1372 1004 hoc,
1403 968 1550 993 nonne
1581 967 1753 1008 semper

259 1036 408 1076 vinum
438 1033 609 1074 habetis
638 1031 895 1073 vobiscum?
926 1049 945 1070 »
978 1031 1054 1071 Ille
1077 1030 1233 1088 pavide
1257 1029 1489 1087 respondit
1515 1045 1523 1068 ε
1551 1046 1571 1067 «
1597 1030 1751 1079 Immo,

262 1112 454 1161 domine,
503 1109 689 1167 singulis
731 1108 934 1149 noctibus
977 1108 1150 1167 singula
1185 1107 1397 1148 sextercia
1445 1106 1672 1154 sumimus,
1713 1112 1755 1145 et

262 1188 554 1230 desuetudine
577 1195 745 1228 vestrae
763 1186 859 1226 sitis
877 1194 919 1226 ct
935 1184 1164 1242 petitionis
1188 1184 1262 1225 illa
1284 1184 1541 1241 frequenter
1564 1191 1636 1223 aut
1657 1197 1754 1222 sero

262 1267 455 1308 bibimus
482 1274 551 1306 aut
581 1273 681 1322 post
718 1263 1048 1311 dormitionem,
1075 1271 1116 1302 et
1146 1262 1316 1302 veniam
1346 1278 1367 1302 a
1394 1269 1536 1302 vestra
1565 1260 1754 1317 petimus

265 1342 566 1384 misericordia
594 1357 691 1382 vera
722 1340 910 1397 professi
941 1357 979 1379 n.
1012 1341 1121 1379 'l'um
1150 1354 1226 1379 rex
1258 1355 1264 1377 ε
1299 1355 1318 1377 «
1349 1339 1446 1379 Non
1475 1337 1561 1378 nisi
1589 1345 1756 1378 sexter-

269 1422 377 1462 tium
419 1435 553 1460 unum
601 1418 802 1459 sumebas
844 1416 897 1457 ad
945 1424 1134 1457 noctem.
1173 1434 1192 1453 )›
1231 1416 1435 1474 Paganus
1473 1430 1480 1454 :
1526 1431 1546 1453 «
1581 1415 1677 1454 Non
1715 1430 1751 1453 ».

266 1518 284 1537 «
316 1497 539 1538 Modicum
581 1494 689 1535 illud
724 1502 817 1535 erat
845 1493 972 1533 nobis
1004 1493 1199 1542 duobus;
1238 1492 1394 1533 amodo
1429 1491 1615 1549 singulis
1650 1505 1753 1532 noc-

263 1576 381 1616 tibus
399 1574 484 1614 duo
502 1588 647 1613 sumas
664 1588 683 1611 a
702 1571 944 1628 pincerni&
965 1571 1153 1627 primum
1176 1569 1274 1620 tibi,
1300 1568 1409 1609 mihi
1427 1567 1668 1609 secundum
1685 1568 1711 1608 ¹.
1735 1586 1754 1607 »

267 1654 408 1708 Saepe
431 1666 518 1691 non
546 1647 853 1705 hujuscemodi
876 1646 1067 1687 fabulam
1097 1646 1209 1703 agit3
1237 1645 1311 1687 sed
1334 1645 1638 1702 colloquentes
1660 1660 1756 1702 per-

265 1744 394 1769 sonas
417 1726 603 1768 inducit.
630 1727 734 1766 Erat
761 1723 877 1781 apud
901 1723 1111 1764 Ludovici
1141 1724 1218 1765 VH
1242 1723 1408 1764 curiam
1437 1722 1598 1763 femina
1620 1737 1755 1778 quae-

265 1805 361 1845 dam
383 1804 543 1845 virtute
573 1818 619 1843 ac
643 1801 843 1843 castitate
872 1801 1051 1841 minime
1080 1800 1270 1859 integra,
1296 1815 1406 1857 quae
1435 1814 1587 1839 omnes
1610 1797 1756 1839 curiae

265 1882 449 1923 seminas
484 1878 758 1936 impudicitia
794 1878 989 1928 vicisset,
1026 1877 1070 1918 in
1106 1877 1313 1934 superbia
1349 1876 1584 1934 praecipue
1626 1890 1756 1932 supe-

265 1967 419 2000 rasset.
455 1959 569 1998 Haec
598 1957 731 2014 igitur
764 1954 879 2012 apud
915 1970 1064 2011 regem
1100 1962 1339 2010 conquesta
1375 1961 1439 1994 est
1470 1951 1588 2010 quod
1623 1967 1756 2009 eques

265 2035 442 2093 quidam
462 2053 481 2073 α
503 2033 740 2074 illiteratus
757 2031 833 2072 sed
852 2030 1201 2088 jucundissimae
1217 2029 1446 2071 facundiae
1467 2046 1488 2068 »
1513 2029 1757 2070 Galeranus

266 2113 319 2153 ab
348 2111 499 2159 Effria,
532 2126 660 2167 quem
684 2109 931 2150 Ludovicus
959 2107 1083 2148 valde
1112 2108 1299 2158 amabat,
1327 2106 1458 2147 nimis
1487 2105 1637 2147 facetis
1666 2121 1757 2145 ear-

266 2189 458 2230 minibus
510 2187 708 2228 Lutetiae
752 2185 947 2242 undique
1001 2184 1346 2242 praedicavisset
1395 2199 1544 2241 regem
1593 2183 1756 2238 pietate

266 2266 486 2323 insignem
513 2264 644 2305 etiam
667 2263 850 2304 liberius
875 2261 1172 2302 familiaritate
1195 2262 1289 2317 ejus
1316 2259 1393 2301 uti.
1419 2261 1528 2301 Tum
1551 2275 1625 2300 rex
1649 2266 1756 2300 atto-

266 2344 383 2384 nitus
416 2359 423 2382 ;
468 2360 488 2380 «
530 2341 764 2391 Galerane,
800 2339 960 2396 inquit,
996 2354 1088 2379 mea
1122 2337 1215 2379 sero
1250 2338 1468 2395 patienter
1496 2336 1754 2394 opprobria,

267 2419 343 2460 sed
372 2420 502 2476 hujus
525 2417 880 2475 consanguineae
911 2431 1031 2456 meae
1060 2414 1340 2456 dissimulare
1375 2429 1463 2455 non
1492 2413 1634 2464 decet,
1659 2428 1756 2454 cum

267 2497 362 2554 ipsa
397 2496 576 2555 sanguis
615 2510 736 2535 meus
781 2494 853 2544 sit,
893 2501 936 2533 et
976 2508 1109 2533 unum
1146 2492 1445 2532 membrorum
1485 2506 1682 2532 meorum
1714 2507 1755 2530 ».

266 2572 519 2630 Respondit
558 2571 804 2614 Galeranus
851 2585 859 2612 :
908 2588 927 2608 «
979 2571 1070 2610 Hoc
1109 2569 1342 2609 herniosus
1390 2584 1435 2609 es
1479 2568 1678 2609 membro
1714 2583 1755 2618 »‚

268 2651 385 2708 quod
438 2649 620 2691 facetius
665 2647 833 2689 Gallice
881 2646 1042 2687 dicitur
1081 2663 1089 2686 ε
1133 2665 1151 2685 «
1190 2647 1252 2686 De
1286 2654 1379 2686 cest
1410 2645 1605 2686 membre
1639 2652 1758 2685 es-tu

269 2728 511 2785 magrinez2
550 2744 570 2766 »
601 2727 694 2768 Rex
721 2734 764 2766 et
799 2725 880 2765 hoc
908 2724 1043 2765 verbo
1072 2739 1116 2764 se
1146 2731 1397 2765 reverenter
1431 2722 1598 2764 habuit.
1629 2720 1756 2763 Rise-

312 2894 338 2923 1.
360 2896 405 2923 De
429 2892 548 2933 Nugis‚
571 2903 606 2932 p.
632 2892 704 2922 211.
