1842 3288
249 302 289 331 δί
743 305 794 329 DE
827 303 1052 329 WALTERIO
1087 304 1244 329 MAi’l‘lo

246 390 532 433 studendum.
573 391 662 431 Nec
691 398 835 430 tamen
869 389 1134 446 sperandum
1166 388 1293 429 nobis
1325 398 1391 430 est
1420 405 1547 446 posse
1583 391 1626 430 in
1665 390 1743 432 1130

245 468 372 525 quasi
397 468 580 525 figuram
604 466 836 523 quamdam
867 482 914 507 ac
943 466 1133 523 speciem
1173 481 1413 522 agnoscere
1448 467 1583 526 hujus*
1608 467 1744 508 homi-

249 560 351 584 num
391 543 567 601 generis
607 542 742 599 quod,
782 543 877 583 suso
913 543 1269 583 Norinaniwrum
1307 543 1531 584 Saxonum
1554 527 1660 600 alsine
1701 552 1743 584 et

246 621 475 663 Ccltorum
506 621 737 680 sanguine,
765 622 853 676 jani
893 621 1155 660 nascebatur
1189 636 1196 660 :
1229 619 1397 660 nullum
1430 620 1474 660 in
1503 605 1585 661 hoc
1608 620 1742 661 ullius

244 700 423 756 generis
452 698 683 755 vestigium
721 697 950 754 proprium
987 697 1200 747 invenias,
1232 712 1329 738 cum
1363 697 1622 738 Cambrensi
1653 697 1741 738 ori-

246 778 351 834 gine
386 785 525 824 ortus,
559 775 669 816 tanti
708 774 936 815 Gallorum
975 790 1119 814 mores
1152 783 1194 814 et
1221 774 1540 815 Universitates
1571 773 1738 823 fecerit,

248 855 381 895 latina
411 853 561 910 lingua
583 853 776 892 imbutus
807 851 956 901 suerit,
981 851 1146 891 curiam
1180 851 1291 891 lianc
1319 850 1512 906 denique
1535 849 1743 907 frequen-

245 932 419 977 taverit,
441 931 483 970 in
503 945 631 986 quani
655 928 850 985 undique
874 937 1172 968 convenerant
1188 928 1263 984 qui
1285 944 1377 968 cani
1401 928 1633 968 ornabant.
1655 927 1743 969 Sed

247 1007 357 1048 illud
399 1006 553 1047 saltem
592 1004 834 1045 notandum
870 1013 951 1053 cst,
996 1004 1111 1044 hunc
1152 1005 1325 1045 trahere
1361 1004 1404 1044 in
1440 1021 1484 1045 56
1525 1004 1743 1061 quidquid

247 1084 446 1141 reperire
475 1083 636 1140 possiS‚
663 1082 695 1122 5ἰ
722 1081 912 1122 animum
943 1081 1207 1132 admoveris,
1239 1082 1283 1122 in
1306 1082 1375 1122 1115
1399 1082 1596 1122 moribus
1620 1081 1745 1122 Occi-

246 1161 394 1203 dentis
425 1161 565 1210 novis,
591 1174 700 1216 quos
722 1158 792 1199 vix
822 1175 843 1198 6
867 1159 1007 1199 11111115
1030 1159 1192 1214 prioris
1216 1159 1370 1199 aetatis
1393 1160 1642 1200 exorientes
1665 1174 1744 1200 nec

245 1255 396 1281 secum
425 1238 584 1287 adhuc,
620 1236 871 1295 ignorantia
907 1235 1092 1292 quadam
1124 1235 1206 1283 sui,
1242 1236 1502 1287 concordes,
1539 1236 1745 1277 definiret

244 1316 424 1373 aliqui5‚
456 1315 501 1355 ni
537 1314 701 1355 suerint
736 1313 818 1354 viri
850 1312 1044 1370 quidam,
1071 1321 1116 1353 ut
1150 1312 1390 1355 NYalterius
1419 1312 1492 1353 ille
1520 1313 1740 1370 Mappius,

247 1409 435 1451 quorum
475 1400 515 1432 et
552 1391 690 1448 figura
729 1399 770 1431 et
805 1390 1016 1447 operibus
1058 1390 1101 1429 in
1140 1389 1371 1429 clariorem
1406 1389 1547 1430 lucem
1587 1406 1744 1447 proce-

246 1470 373 1511 deret
401 1477 518 1510 aetas
549 1468 636 1518 illa,
669 1483 752 1525 qua
787 1467 976 1523 primum
1007 1475 1202 1507 renatam
1232 1482 1326 1506 esse
1360 1466 1522 1507 scimus
1552 1475 1594 1508 et
1615 1482 1744 1508 reno-

246 1556 387 1588 vatam
416 1546 643 1587 hominum
669 1552 859 1585 mentem
882 1543 926 1584 in
950 1545 1127 1600 Europa
1156 1543 1510 1600 septentrionali.

305 1624 514 1681 Figuram
539 1637 644 1679 ergo
667 1621 779 1661 hanc
803 1620 969 1679 fingere
1007 1621 1165 1661 iterum
1196 1619 1449 1660 studeamus
1476 1637 1483 1660 :
1518 1636 1599 1662 nec
1628 1622 1743 1662 enim

246 1716 317 1742 res
352 1699 515 1740 nullius
550 1698 762 1738 momenti
793 1706 874 1738 est.
909 1697 1191 1739 Cambrensis
1221 1697 1337 1738 enim
1366 1696 1456 1746 ille,
1483 1697 1623 1738 nobili
1644 1714 1745 1739 san-

245 1778 382 1836 guine
422 1785 560 1826 ortus,
604 1774 814 1816 Abel-ardi
858 1774 1096 1831 disciplina
1144 1773 1354 1815 formatus
1401 1782 1443 1815 et
1481 1775 1745 1817 parisiensis

246 1854 559 1896 Universitatis
590 1852 704 1893 inter
739 1851 983 1909 principe5‚
1018 1851 1133 1908 apud
1171 1851 1384 1911 Anglicos
1418 1851 1605 1893 clericos
1639 1853 1746 1894 emi-

248 1933 360 1982 nuit,
392 1947 488 1972 cum
519 1946 563 1971 se
586 1929 850 1986 applicuerit
880 1928 934 1969 ad
963 1931 1171 1985 majorem
1202 1928 1452 1970 libertatem
1480 1929 1524 1970 in
1550 1930 1746 1971 moribus

246 2025 296 2049 ac
331 2008 553 2049 inentibus
582 2006 917 2047 instituendam.
956 2006 1041 2058 Qui
1072 2005 1234 2063 dignus
1276 2014 1342 2046 est
1373 2022 1502 2062 quem
1536 2005 1745 2047 memoria

248 2086 477 2127 hominum
494 2100 581 2126 non
605 2084 890 2125 obliviscatur
914 2100 922 2123 ;
948 2082 1096 2123 nullus
1119 2084 1235 2124 enim
1269 2083 1510 2140 sapientiae
1535 2083 1746 2141 magister

245 2172 322 2204 3111
345 2164 552 2219 majorem
577 2161 878 2202 sinceritatem
901 2168 973 2200 aut
997 2160 1212 2201 minorem
1241 2160 1522 2217 asperitatem
1551 2175 1743 2217 unquam

246 2240 459 2282 ostendit.

992 2419 1006 2458 I

307 2539 478 2581 Nobilis
514 2538 745 2579 nobilitate
783 2537 1025 2581 XValterius
1056 2537 1260 2594 Mappius
1293 2537 1479 2578 maxime
1512 2538 1742 2597 gloriatur.

249 2616 398 2670 Quod,
447 2616 483 2657 si
526 2631 613 2657 non
654 2615 800 2673 gentis
836 2630 937 2655 suae
977 2613 1219 2671 antiquitas
1254 2622 1295 2654 et
1335 2616 1576 2656 amicorum
1620 2615 1747 2656 nobi-

248 2695 348 2736 litas
385 2696 553 2751 justum
600 2678 778 2742 faceret,
829 2708 850 2732 6
892 2691 1002 2732 10615
1040 2690 1218 2748 quidam
1271 2707 1323 2732 ex
1359 2691 1472 2732 libro
1509 2693 1569 2733 De
1602 2693 1745 2749 Nztgis

245 2771 467 2828 excerptis
498 2770 612 2811 clare
642 2777 891 2826 appareret.
923 2769 1047 2810 Nunc
1071 2768 1186 2809 enim
1211 2768 1454 2811 XYaltcrius
1483 2769 1669 2810 amicum
1697 2785 1742 2810 56

248 2849 431 2905 praebet
466 2848 534 2888 his
571 2846 818 2888 feodalibus
854 2844 1112 2897 1131011111115,
1155 2860 1341 2901 quorum
1376 2861 1456 2886 nos
1490 2845 1740 2904 arrogantia
