1842 3288
283 318 323 348 ‘38
780 323 829 349 DE
863 324 1086 350 WALTEMO
1122 325 1277 350 MAPPIO

283 410 389 450 Nam
421 416 537 448 certe
559 423 645 448 11011
675 417 830 449 curant
858 426 911 449 an
944 410 988 450 in
1030 409 1276 466 exemplum
1313 409 1516 466 ponenda
1555 410 1610 451 sit
1643 411 1778 452 Maria

285 484 565 543 Magdalcna,
598 484 699 525 dum
733 485 787 526 ad
817 486 982 527 Christi
1017 502 1159 544 genua
1196 486 1448 543 procumbit
1482 495 1524 527 et
1563 495 1776 538 remanet,

286 570 327 602 111
355 563 446 617 ojus
477 562 610 602 verba
648 563 770 618 quasi
807 579 857 603 cx
886 580 959 604 ore
989 563 1170 613 delibet,
1199 579 1284 603 non
1322 563 1510 621 genibus
1549 565 1780 605 submissis

288 640 592 689 immorantur,
613 638 688 679 sed
713 658 732 677 «
753 639 806 679 ad
828 640 1022 681 laborem
1047 649 1222 684 exeunt,
1245 640 1444 680 manibus
1467 641 1779 698 agriculturam

287 715 585 755 omnimodam
610 725 865 757 exercentes
888 717 1080 774 propriis
1105 718 1216 757 intra
1242 725 1380 773 S1‘Ptss‚
1407 717 1618 757 mecanici
1641 726 1779 767 extra,

286 800 561 839 runcatores,
606 793 841 849 opiliones,
880 794 1196 850 negotiatores,
1248 794 1289 834 111
1327 793 1513 849 singulis
1555 793 1782 835 officiosis-

288 869 410 919 511111;
436 868 675 909 bulbucum
702 885 788 910 non
825 870 992 911 habent
1024 870 1090 911 vel
1126 870 1374 919 subulcum,
1401 870 1485 910 11151
1515 886 1567 911 ex
1600 886 1661 918 se,
1701 886 1782 912 nec

289 946 342 986 acl
365 946 569 986 minimas
596 954 638 986 et
660 946 768 986 viles
792 947 1015 988 custodias
1037 947 1104 987 vel
1129 963 1261 1004 opera
1286 946 1562 991 seminarum,
1589 955 1636 988 ut
1657 946 1783 988 lactis

287 1031 329 1063 et
361 1022 569 1063 similium
606 1022 855 1079 quempiam
895 1033 1078 1081 propter
1111 1040 1344 1065 conversos
1380 1040 1481 1064 suos
1517 1023 1780 1071 admittunt,

287 1099 339 1140 ad
363 1115 514 1140 omnes
537 1115 694 1157 operas
716 1101 860 1141 onmia
885 1110 1003 1151 sunt,
1034 1101 1148 1142 unde
1175 1101 1352 1158 impleta
1376 1110 1441 1142 051
1471 1109 1584 1141 terra
1607 1102 1783 1158 posses-

288 1177 409 1217 sione
452 1193 544 1224 sua,
583 1192 771 1234 cumque
806 1193 892 1218 non
925 1178 1116 1219 debeant
1139 1194 1190 1218 ex
1234 1177 1461 1237 evangelio
1500 1177 1694 1235 cogitare
1729 1177 1783 1218 de

291 1253 502 1296 crastino,
535 1262 700 1294 tantam
724 1254 889 1295 habent
916 1270 1048 1311 opum
1078 1254 1363 1295 residentiam
1399 1269 1450 1295 ex
1482 1253 1783 1295 sollicitudine

288 1339 331 1370 ut
353 1346 449 1370 cum
466 1331 557 1370 Noe
582 1330 725 1385 (11011Ϊῖ1
744 1330 916 1387 possint
938 1331 1113 1371 archam
1135 1330 1372 1371 ascendere
1398 1330 1557 1379 securi,
1577 1331 1647 1371 cui
1670 1329 1783 1371 nihil

288 1407 382 1463 spei
417 1407 619 1447 relictum
663 1416 728 1448 est
768 1409 913 1448 οΧ1,1·111
940 1426 978 1447 1).
1016 1409 1160 1460 Quare
1196 1407 1304 1448 ordo
1336 1407 1409 1448 ille
1446 1407 1778 1455 monachorum,

290 1500 387 1524 cum
411 1500 584 1524 omnem
610 1500 729 1525 suam
755 1500 901 1525 curam
925 1493 1201 1525 converteret
1224 1484 1276 1525 ad
1303 1486 1395 1541 ejus
1418 1484 1538 1525 modi
1566 1484 1780 1535 laborem⁷

290 1561 363 1616 qui
390 1560 501 1601 nihil
525 1560 578 1601 ad
600 1562 739 1601 Deum
764 1570 948 1618 spectet,
968 1577 1148 1602 necesse
1172 1570 1263 1602 erat
1285 1561 1495 1617 paulatim
1519 1561 1630 1602 lucri
1652 1560 1782 1602 etiam

287 1638 506 1694 etiamque
531 1638 748 1678 curiosior
776 1638 914 1679 fieret.
934 1639 1051 1679 Vicit
1074 1654 1178 1696 ergo
1204 1638 1470 1695 agricultura
1493 1637 1659 1678 cultum
1681 1637 1779 1685 Dei,

287 1714 556 1772 plurimique
579 1714 680 1755 fecit
703 1715 895 1772 agricola
919 1731 965 1755 ea
989 1731 1099 1771 quae
1116 1715 1369 1756 Christiano
1391 1714 1561 1755 mimini
1585 1714 1783 1755 facienda

289 1791 567 1832 videbantur.
593 1792 768 1850 Augcnt
800 1793 934 1851 igitur
963 1792 1168 1832 domania
1195 1808 1270 1832 sua
1301 1791 1505 1833 monachi
1533 1791 1783 1848 iterumque

287 1877 471 1927 augent;
520 1877 651 1913 tecta,
694 1869 830 1917 vicos,
870 1869 1033 1926 templa
1076 1878 1256 1918 eruunt,
1295 1885 1373 1910 nec
1415 1867 1583 1926 aliquid
1627 1875 1782 1909 curant

287 1945 372 1985 nisi
407 1954 452 1985 ut
492 1945 621 1986 latius
659 1961 756 1986 arva
800 1961 875 1986 sua
910 1954 1101 2001 pateant.
1140 1947 1422 1986 Testamenta
1460 1953 1660 2002 captant,
1698 1960 1780 1985 nec

285 2022 428 2063 viduis
457 2031 530 2063 aut
559 2022 771 2079 orphanis
799 2022 1091 2063 hereditatem
1123 2039 1243 2063 suam
1272 2022 1609 2079 reposcentibus
1631 2037 1780 2063 aurem

287 2100 514 2156 praebent.
536 2099 652 2151 Quin
676 2100 823 2147 etiam,
849 2115 936 2140 non
960 2100 1139 2140 omnino
1163 2115 1184 2139 a
1207 2099 1372 2140 scelere
1396 2099 1621 2140 abstinent
1638 2107 1781 2139 :tanta

287 2192 437 2216 eorum
459 2176 637 2216 avaritia
661 2185 747 2226 est3
768 2192 897 2233 saepe
921 2175 1052 2217 falsas
1072 2176 1240 2217 litteras
1258 2176 1423 2216 chartis
1446 2176 1663 2223 inserunt,
1683 2190 1782 2231 pro-

287 2252 412 2311 digos
441 2259 514 2294 aut
539 2268 637 2293 aere
661 2253 804 2294 alieno
833 2253 1070 2293 obstrictos
1100 2253 1300 2293 homines
1330 2252 1504 2293 insidiis
1535 2252 1779 2309 decipiunt,

287 2330 415 2371 etiam
448 2330 661 2387 quosdam
697 2330 749 2370 ad
778 2330 955 2371 caedem
990 2330 1125 2379 cient,
1163 2330 1252 2370 sive
1286 2330 1449 2387 apertis
1479 2330 1568 2371 sive
1600 2330 1781 2370 secretis

287 2407 685 2448 exhortationibus.
718 2408 878 2448 Earum
910 2422 1055 2448 rerum
1086 2406 1283 2447 omnium
1312 2406 1546 2447 videbatur
1565 2406 1781 2450 WValterio

287 2484 468 2540 Mappio
511 2483 699 2540 quodam
734 2483 863 2525 modo
902 2493 1053 2525 auctor
1084 2499 1179 2524 esse
1219 2491 1396 2524 sanctus
1431 2483 1686 2524 Bernardus
1727 2483 1780 2523 de

289 2560 619 2611 Clarevallensi‚
664 2561 739 2617 qui
780 2560 1054 2601 instituendo
1095 2560 1242 2601 ordini
1277 2561 1392 2601 inter
1432 2560 1601 2617 primos
1642 2560 1780 2600 inter-

287 2638 441 2678 fuerat.
493 2639 617 2678 Hunc
657 2637 898 2680 VValterius
938 2637 1223 2678 vehementer
1279 2637 1447 2685 oderat,
1503 2653 1591 2678 non
1637 2636 1778 2677 solum

288 2722 437 2771 utpote
460 2714 533 2771 qui
554 2714 838 2755 christianam
862 2714 1110 2765 doctrinan,
1142 2722 1188 2755 ut
1223 2713 1307 2755 sibi
1331 2713 1507 2770 quidem
1529 2713 1775 2761 videbatur,

331 2881 355 2911 l.
381 2882 427 2909 De
449 2879 566 2920 Nugl's.
590 2890 625 2919 p.
649 2880 699 2909 45.
