1873 3329
370 286 672 312 FABULOSAnUM
708 287 1010 313 NAnRAssioNUM
1047 288 1274 313 SCRIPTORE
1507 284 1567 313 149

76 371 173 412 Duo
208 371 407 428 exempla
450 372 584 412 citare
629 372 757 413 nobis
796 372 941 421 liceat,
973 388 1160 429 quorum
1193 373 1233 413 in
1271 372 1408 414 altero
1443 373 1565 414 diviti

72 463 208 488 venae
238 447 439 507 indulget
465 457 632 498 auctor,
664 457 722 496 et,
748 448 937 489 narratis
967 449 1156 504 primum
1181 449 1295 489 Jovis
1324 451 1562 496 amoribus,

72 523 235 564 deinde
264 540 392 581 quam
432 525 578 565 multis
614 525 791 565 maritos
821 533 893 565 aut
922 525 1050 565 etiam
1076 533 1292 566 amatores
1322 542 1422 566 suos
1452 528 1567 567 Deae

74 600 251 657 Olympi
281 601 394 642 dolis
419 601 673 653 fefellerint,
700 617 778 642 nos
802 600 972 642 edocet.
1002 619 1021 639 «
1048 601 1270 649 Phoebus,
1297 602 1371 659 qui
1394 603 1566 659 sapien-

72 677 158 718 tiae
187 677 323 718 radiis
351 679 485 719 totius
513 678 633 719 orbis
662 678 920 734 primitiavit
941 678 1171 728 ambitum,
1203 687 1249 718 ut
1276 679 1429 719 merito
1459 680 1564 721 solis

74 755 251 795 nomine
275 755 393 796 solus
423 755 734 801 illustraretur,
755 754 992 795 infatuatus
1016 763 1081 795 est
1103 770 1251 795 amore
1271 756 1561 806 Leucothoes,

66 831 157 895 *sibi
180 831 233 872 ad
256 832 543 891 ignominiam
568 840 609 872 et
632 831 695 872 illi
718 831 770 871 ad
795 831 1038 879 interitum,
1061 840 1104 872 et
1123 832 1323 888 ecliptica
1347 832 1420 873 (liu
1439 833 1564 873 vicis-

73 908 267 950 situdine
300 908 445 950 varius
481 907 620 949 sactus
655 916 736 955 est,
770 908 1026 965 frequenter
1066 908 1131 949 sui
1171 924 1334 966 egenus
1366 909 1561 959 luminis,

73 1000 160 1042 quo
200 993 318 1026 totus
357 985 667 1026 universaliter
697 985 855 1044 egebat
890 984 1094 1026 mundus.
1126 985 1295 1036 Amice,
1328 1001 1381 1026 ne
1418 985 1565 1027 lumen

73 1061 192 1120 quod
221 1062 264 1102 in
295 1070 337 1102 te
371 1070 438 1102 est
464 1062 672 1103 tenebrae
702 1061 791 1114 fiat,
823 1062 1100 1103 Leucothoen
1136 1061 1290 1119 fugito.
1323 1063 1457 1113 Mars,
1491 1064 1566 1119 qui

75 1138 183 1180 deus
229 1138 490 1180 bellantium
538 1138 624 1179 dici
662 1139 821 1179 meruit
858 1138 1186 1195 triumphorum
1229 1138 1433 1179 familiari
1481 1139 1567 1180 fre-

71 1216 268 1273 quentia,
293 1217 337 1256 in
361 1215 522 1274 quibus
544 1215 724 1273 expedit
746 1216 931 1256 maxime
954 1224 1159 1272 prompta
1182 1215 1437 1264 strenuitas,
1457 1216 1567 1257 nihil

70 1293 155 1334 sibi
192 1301 391 1334 metuens
422 1308 444 1333 a
472 1291 708 1340 Mulcibro,
743 1292 906 1351 ligatus
940 1300 1005 1332 est
1033 1307 1130 1332 cum
1158 1292 1328 1333 Venere
1364 1292 1565 1333 invisibi-

70 1369 185 1410 libus
211 1369 394 1421 catenis,
426 1369 713 1410 sensibilibus
735 1377 905 1419 tamen;
932 1369 1015 1410 hoc
1044 1377 1186 1410 autem
1223 1368 1275 1409 ad
1304 1368 1563 1425 applausum

69 1455 316 1503 satyrorum
357 1454 400 1487 et
445 1446 639 1487 derisum
684 1445 887 1486 coelestis
928 1446 1089 1486 curiae.
1128 1445 1301 1495 Amice,
1347 1445 1561 1487 meditare

70 1522 222 1564 saltem
264 1531 439 1564 catenas
477 1539 584 1580 quas
628 1538 715 1563 non
753 1522 876 1563 vides
911 1525 1067 1580 etjam
1100 1522 1144 1562 in
1179 1530 1303 1579 parte
1333 1522 1487 1573 sentis,
1519 1531 1562 1564 et

68 1601 190 1657 eripe
211 1608 272 1651 te,
308 1600 412 1641 dum
441 1600 583 1641 adhuc
617 1608 719 1640 sunt
754 1599 1004 1656 ruptibiles,
1037 1615 1090 1640 ne
1124 1599 1307 1640 claudus
1334 1599 1409 1640 ille
1438 1599 1560 1640 faber

67 1685 110 1718 et
153 1677 314 1734 turpis,
352 1692 481 1734 quem
522 1692 601 1718 nec
641 1677 749 1717 deus
787 1675 995 1736 dignatus
1040 1685 1105 1717 est
1147 1692 1313 1724 mensa,
1356 1676 1436 1717 dea
1482 1692 1561 1717 nec

66 1753 247 1813 dignata
269 1753 419 1801 cubili,
444 1762 486 1794 te
510 1769 611 1794 suae
632 1753 797 1795 Veneri
819 1769 938 1794 more
958 1769 1036 1794 suo
1059 1760 1337 1803 concatenet,
1363 1761 1406 1794 et
1426 1761 1468 1794 te
1494 1753 1560 1793 sui

68 1829 274 1880 similem,
305 1838 479 1887 turpem
509 1838 551 1871 et
585 1829 804 1877 claudum,
835 1829 919 1879 vel,
946 1829 1063 1887 quod
1093 1829 1232 1888 magis
1262 1837 1424 1879 metuo,
1455 1829 1562 1870 lori-

66 1906 225 1963 pedem
252 1906 396 1956 faciat,
422 1915 463 1948 et
486 1922 573 1947 non
597 1907 741 1963 possis
764 1906 882 1964 quod
905 1906 1042 1947 salvat
1064 1905 1209 1946 fissam
1232 1906 1394 1947 habere
1418 1921 1562 1963 ungu-

65 1982 173 2033 lam;
201 1983 294 2033 sed,
326 1983 530 2043 alligatus
558 1984 737 2035 Veneri,
769 1983 896 2024 dolor
926 1984 1001 2024 fias
1032 1991 1075 2023 et
1102 1982 1267 2024 derisio
1297 1982 1556 2034 videntium,

64 2060 167 2101 dum
208 2060 291 2102 tibi
333 2060 608 2118 applaudunt
645 2060 780 2112 caeci,
821 2069 863 2102 et
902 2060 1102 2101 videntes
1141 2060 1404 2100 minantur¹.
1447 2077 1467 2099 »
1510 2060 1558 2100 ln

64 2136 201 2178 altero
230 2140 360 2178 etiam
383 2137 495 2185 loco,
521 2138 743 2195 Mappius,
775 2139 939 2193 majora
959 2145 1152 2178 tractans
1174 2135 1409 2193 veriusque
1440 2136 1557 2177 indi-

63 2222 238 2270 gnatus,
273 2214 395 2256 nullo
435 2214 602 2265 labore,
639 2215 784 2255 nervis
834 2229 922 2255 non
964 2213 1272 2255 deficientibus
1303 2213 1474 2264 scribit,
1514 2222 1556 2254 et

63 2290 201 2348 liquet
227 2291 351 2332 illum
382 2291 517 2332 latina
548 2291 696 2348 lingua
725 2307 812 2332 non
848 2291 977 2332 modo
1007 2306 1094 2331 non
1125 2290 1297 2348 gravari
1326 2289 1402 2331 sed
1433 2306 1556 2347 para-

60 2368 231 2409 tissima
265 2369 343 2409 uti.
384 2386 404 2407 «
443 2368 512 2409 Illi
543 2368 742 2409 fecerunt
770 2370 859 2425 jam
890 2369 1007 2409 hunc
1042 2368 1231 2409 Hebraei
1266 2367 1482 2417 libellum,
1514 2376 1555 2408 et

63 2460 129 2486 me
161 2445 392 2504 religionis
426 2454 754 2503 persecutorem
783 2445 938 2486 dicunt
967 2461 976 2484 z
1008 2445 1113 2486 vitia
1146 2443 1442 2502 reprehendo,
1467 2460 1555 2484 non

61 2537 228 2572 mores3
248 2521 522 2579 professores
546 2522 696 2571 salsos,
716 2538 802 2563 non
826 2522 1028 2563 ordinem
1045 2522 1158 2563 bene
1181 2522 1450 2562 institutum.
1472 2521 1556 2573 Qui

60 2614 236 2639 carnem
251 2597 451 2657 affligunt
473 2608 519 2640 ut
540 2600 758 2657 castigent
778 2599 1013 2649 Venerem,
1038 2598 1113 2655 qui
1130 2606 1317 2654 pascunt
1340 2613 1556 2655 pauperes

59 2684 106 2716 ut
135 2675 401 2733 propitietur
430 2676 491 2717 eis
520 2677 652 2726 Deus,
686 2676 761 2733 qui
791 2675 932 2717 media
964 2684 1091 2717 nocte
1123 2683 1314 2735 surgunt
1343 2683 1389 2715 ut
1418 2673 1555 2715 confi-

103 2840 130 2870 l.
149 2842 194 2870 De
217 2840 336 2882 Sagis,
356 2851 389 2881 p.
414 2841 484 2876 145,
507 2841 578 2871 146.
