1842 3288
249 251 271 280 6
745 256 796 281 DE
829 255 1052 282 WALTEMO
1087 257 1242 283 ΜΑΡΡΙΟ

246 341 300 383 de
335 341 602 383 Castillone¹
645 340 769 397 epica
809 349 1027 397 poemata,
1073 341 1109 382 si
1157 341 1345 382 Hilberti
1382 341 1435 382 de
1477 342 1739 391 Lavardino,

248 417 593 459 Cenomanensis
638 417 836 474 episcopi
882 417 1029 474 lepida
1079 418 1306 468 carmina;
1348 418 1385 459 si
1429 417 1484 459 S²i
1530 418 1745 460 Bernardi

251 495 471 535 orationes
489 502 531 534 ct
546 493 768 535 Bernardi
785 493 1022 550 sylvestri‘2
1037 495 1328 552 theosophiae
1348 495 1595 552 platonicae
1615 511 1743 552 expo-

253 572 456 612 sitionem
479 570 683 622 volveris,
702 587 862 627 purum
886 572 1113 612 scribendi
1136 588 1293 629 genus,
1314 571 1597 629 periodorum
1619 573 1744 613 uber-

250 655 332 698 tas,
367 647 504 704 stylus
534 647 767 705 expeditus
803 647 885 688 tibi
921 648 1206 705 praebebunt
1231 648 1463 705 quamdam
1491 649 1745 689 Ciceronia-

251 740 406 765 norum
438 729 524 764 11111Ε
556 724 720 765 saeculi
749 724 1152 766 adumbrationem.
1185 725 1263 766 Illa
1288 741 1391 766 vero
1421 725 1584 782 scripta
1614 741 1740 782 quae,

250 801 367 858 quod
390 800 551 841 ficticia
585 801 724 858 magis
753 810 796 842 et
824 801 997 843 curiosa
1033 811 1137 843 sunt
1168 818 1297 859 quam
1325 818 1425 844 vere
1460 802 1608 852 latina,
1639 818 1744 859 pro-

249 879 344 919 bari
378 894 428 918 cx
466 887 561 919 tuto
596 886 837 935 nequeunt,
879 894 1026 920 secum
1061 887 1290 939 praeterea
1331 879 1478 921 serunt
1519 879 1743 920 mortifera

252 954 346 995 duo.
365 955 546 996 semina.
583 954 885 996 Scholasticus
919 955 1050 996 ardor
1079 955 1339 997 immodicus
1367 965 1410 997 et
1436 956 1509 997 illa
1537 956 1744 997 continua

253 1032 442 1073 docendi
488 1048 590 1073 cura
636 1048 810 1073 omnem
857 1032 1104 1074 litterarum
1146 1034 1451 1074 amaenitatem
1497 1033 1675 1074 tandem
1723 1049 1744 1074 e

253 1109 398 1150 medio
432 1109 616 1160 tollent3
654 1109 817 1166 fietque
846 1118 893 1150 ut
919 1113 1009 1167 jam
1039 1126 1126 1151 non
1155 1110 1292 1151 libros
1322 1110 1472 1169 legant
1505 1110 1591 1151 nisi
1618 1110 1747 1151 disci-

254 1186 347 1243 puli
383 1195 514 1243 atque
546 1187 767 1245 magistri.
804 1187 894 1228 Jam
933 1204 1024 1228 non
1056 1196 1186 1228 erunt
1215 1203 1315 1228 vere
1349 1187 1563 1229 litteraria
1595 1203 1746 1244 opera,

252 1264 328 1305 sed
377 1264 474 1304 illae
525 1264 769 1305 immensae
814 1263 1023 1305 Gulielmi
1063 1265 1261 1306 Durandi
1308 1274 1350 1306 et
1388 1264 1560 1305 Alberti
1598 1264 1749 1322 Magni

252 1357 463 1382 summae.
504 1340 675 1399 Lingua
709 1356 818 1397 pure
857 1341 1007 1391 latina,
1055 1357 1165 1398 quae
1206 1342 1249 1382 in
1294 1341 1437 1383 Gallia
1473 1350 1624 1383 renata
1663 1350 1744 1390 est,

234 1417 432 1469 ‘occidit‚
465 1426 506 1458 at
527 1433 616 1458 non
639 1417 777 1459 multo
800 1426 901 1475 post
924 1418 968 1459 in
993 1418 1116 1459 Italia
1138 1419 1382 1460 reviviscet.

312 1496 528 1551 Tempore
549 1511 634 1553 quo
651 1496 859 1552 primum,
879 1495 923 1536 in
947 1511 1117 1536 summo
1142 1497 1330 1537 Sanctae
1347 1495 1597 1537 Genovefae
1613 1495 1741 1547 colle,

254 1571 463 1629 discipuli
503 1572 880 1614 circumsedentes
913 1573 1147 1631 magistros
1183 1573 1435 1625 audierunt,
1471 1573 1744 1614 Parisienses

253 1649 430 1706 quidam
480 1649 699 1706 parietum
752 1650 944 1691 artifices
990 1650 1211 1709 ignobiles
1261 1650 1585 1707 praeparabant
1627 1650 1745 1691 illam

253 1726 398 1777 aliam,
430 1727 587 1767 artium
624 1743 754 1767 manu
789 1727 1003 1768 saetarum
1035 1727 1384 1778 renovationem,
1418 1743 1500 1784 qua
1535 1727 1746 1768 mentium

252 1801 478 1841 renovatio
520 1801 834 1858 compleretur.
883 1802 1118 1858 Proposito
1159 1802 1276 1842 enim
1313 1810 1529 1858 concepto
1564 1802 1750 1858 spiratus

255 1893 467 1929 cameras,
505 1894 613 1935 quas
649 1878 891 1919 fornicibus
929 1887 1154 1936 praestare
1191 1878 1427 1927 duxerunt,
1461 1878 1753 1920 confirmandi

253 1970 332 2011 per
375 1971 504 1996 arcus
551 1955 808 1997 decursatos
850 1972 901 1997 ex
943 1956 1106 2015 angulo
1144 1956 1198 1997 ad
1232 1956 1441 2014 angulum
1481 1956 1654 2006 ductos,
1709 1964 1752 1996 et

259 2049 279 2070 «
303 2032 451 2090 ogivas
478 2050 498 2071 »
521 2041 719 2084 vocatos3
746 2034 923 2074 invento
946 2033 1108 2074 deinde
1132 2032 1409 2074 suffulciente
1439 2049 1558 2084 arcu,
1589 2033 1643 2074 ad
1673 2032 1749 2074 de-

256 2124 404 2150 coram
443 2109 708 2168 elegantiam
748 2110 1130 2167 necessariamque
1159 2110 1410 2151 firmitatcm
1445 2110 1559 2151 intra
1590 2126 1748 2151 conso-

255 2186 449 2237 ciandas,
490 2195 662 2243 reperta
707 2196 809 2228 sunt
852 2188 979 2229 ambo
1025 2188 1230 2245 gothicae
1277 2187 1597 2229 architecturae
1641 2187 1748 2228 '‘Insi-

257 2263 374 2322 gnia.
403 2264 503 2305 Sint
533 2265 731 2322 exempla
760 2265 905 2306 medio
937 2265 1112 2306 saeculo
1140 2271 1235 2314 X110,
1278 2264 1667 2308 Sancti-Germani
1693 2264 1747 2306 de

257 2341 417 2392 Pratis,
443 2357 523 2398 pro
547 2342 734 2398 quadam
766 2351 889 2399 parte
917 2351 1104 2395 tantum,
1138 2351 1179 2383 et
1204 2342 1502 2384 Sancti-Petri
1530 2342 1573 2382 in
1596 2339 1747 2383 Monte

257 2418 500 2474 Martyrum
535 2418 762 2468 ecclesiae,
805 2419 850 2459 in
885 2420 1044 2476 quibus
1090 2421 1179 2475 jam
1221 2428 1403 2476 apparet
1445 2434 1628 2460 nascens
1681 2433 1749 2458 ars

256 2510 384 2543 nova,
405 2495 475 2536 cui
502 2511 572 2536 ars
595 2495 776 2553 antiqua
797 2496 1063 2537 obluctatur.
1090 2497 1125 2537 A
1148 2497 1303 2553 primis
1323 2512 1426 2538 vero
1455 2495 1619 2537 saeculi
1639 2493 1747 2544 xmi,

254 2572 401 2613 statim
444 2573 586 2624 annis,
632 2573 676 2614 in
717 2573 953 2614 Remensi³
986 2581 1028 2615 et
1071 2574 1389 2615 Ambianensi‘
1419 2572 1750 2614 cathedralibus

292 2671 323 2702 1.
342 2674 470 2702 Auctor
488 2672 518 2702 is
539 2677 604 2703 est.
617 2672 896 2703 Alexandreldis.

290 2719 319 2750 2.
339 2719 498 2750 Auctoris
517 2731 661 2760 operum
688 2736 700 2746 u
724 2722 964 2762 Megacosmus
986 2735 999 2747 ν
1021 2725 1053 2751 et
1073 2735 1085 2746 «
1107 2721 1356 2752 Microcosmus
1380 2736 1407 2751 n.

292 2771 322 2799 3.
343 2770 435 2800 1212.

294 2817 325 2846 4.
349 2817 441 2848 1220.
