1873 3329
584 274 633 298 DE
667 274 722 298 W.
761 273 915 299 ΜΑΡΡΙΟ
951 273 1083 298 POETA
1522 267 1580 297 179

93 376 293 402 secessus
334 377 420 418 quo
455 362 629 401 veniant
668 361 799 401 sortes
835 361 1056 416 erectique
1085 360 1234 403 animi,
1274 361 1432 415 prioris
1466 361 1576 402 vitae

91 437 266 479 dolores
289 437 496 485 oblitui-i,
542 438 583 477 iu
626 436 973 493 c‹›11t‹.·=uplaiido
1009 443 1158 491 aperte
1194 451 1336 476 rerum
1380 437 1575 493 origines

91 514 375 571 ignotamque
404 515 630 555 veritatem
659 530 665 553 :

327 604 401 636 Ista
423 603 557 635 domus
579 602 685 635 locus
704 609 759 635 cst
777 601 1047 639 universitatis,

329 659 400 692 Res
416 666 451 692 et
475 671 599 691 rorum
622 658 814 691 continens
845 658 999 690 formam
1018 670 1099 690 cum
1122 658 1307 694 formatis,

325 716 445 756 Quam
468 721 617 747 creator
638 714 805 758 optimus
826 714 887 758 qui
913 721 1063 758 praeest
1085 714 1236 752 creatis,

329 772 426 804 Fecit
449 778 484 804 ct
506 771 696 815 disposuit
713 777 800 802 nutu
831 769 1025 803 bonitatis.

328 842 395 875 Hic
419 842 519 875 intus
543 841 802 875 multimodum
827 841 937 873 audio
959 848 1190 878 concentum.

322 898 369 932 Ut
391 898 545 931 dearum
568 898 762 930 crederem
786 898 866 930 ficri
891 904 1111 931 conventum
1134 911 1140 929 :

323 954 415 987 Nam
443 955 478 986 in
501 966 568 986 suo
590 966 727 997 genere
750 966 857 987 omne
886 954 1174 987 instrumentum

327 1011 443 1043 Sonat
459 1017 494 1043 et
514 1009 679 1043 laetitiae
702 1011 789 1043 sarit
805 1016 1065 1053 argumentum
1079 1011 1101 1042 ¹.

148 1089 240 1142 Qua
276 1089 319 1129 in
362 1088 460 1130 ficta
498 1098 540 1131 et
580 1106 657 1146 per
686 1106 885 1130 somnum
923 1090 1012 1130 visa
1052 1089 1346 1131 Universitate
1382 1089 1574 1145 jucunde

88 1165 255 1225 degunt
285 1166 454 1208 animae
489 1166 726 1207 illustrium
769 1168 959 1208 virorum
996 1167 1296 1222 antiquorum,
1332 1181 1501 1206 necnon
1537 1175 1578 1207 et

87 1242 303 1283 clarorum
367 1244 675 1303 magistrorum
738 1260 847 1302 quos
913 1243 1231 1300 discipulorum
1296 1242 1577 1284 admirationi

87 1320 232 1376 rapuit
258 1336 376 1361 mors
399 1320 645 1363 immatura.

146 1397 254 1437 Istas
290 1396 437 1439 felices
475 1398 651 1439 umbras
683 1398 1034 1455 contemplemur
1068 1397 1360 1448 ambulantes,
1394 1413 1500 1454 quas
1529 1397 1571 1437 in

85 1473 275 1514 transitu
320 1483 471 1516 notare
511 1484 576 1516 sat
611 1475 708 1525 erit,
753 1485 797 1516 ut
842 1476 1071 1517 instituere
1112 1475 1164 1516 de
1206 1491 1317 1516 novo
1364 1490 1572 1532 queamus

85 1559 283 1592 exactum
342 1551 531 1592 indicem
593 1553 920 1609 magistrorum,
980 1561 1071 1594 tum
1129 1553 1429 1609 antiquorum,
1480 1559 1571 1592 tum

86 1627 400 1679 recentiorum,
443 1630 535 1686 qui,
577 1630 720 1671 medio
763 1630 935 1671 saeculo
976 1638 1069 1682 xiv),
1110 1629 1182 1670 alii
1223 1629 1456 1686 operibus,
1500 1643 1574 1669 ore

86 1703 273 1745 facundo
309 1705 398 1756 alii,
432 1715 599 1748 mentes
631 1707 879 1748 excitarunt
906 1706 1091 1764 sopitaS,
1130 1722 1289 1763 easque
1319 1705 1575 1746 direxerunt

83 1782 125 1822 in
156 1780 263 1822 duas
285 1783 390 1833 vias,
416 1800 526 1841 quae
549 1784 669 1841 ipsae
698 1784 741 1824 in
771 1783 990 1840 triplicem
1020 1792 1063 1824 et
1084 1783 1418 1841 quadruplicem
1442 1781 1573 1823 semi-

82 1871 168 1904 tam
210 1863 505 1904 findebantur.
540 1862 659 1914 Quae
697 1861 842 1902 omnia
884 1878 904 1902 a
936 1862 1007 1904 W.
1045 1860 1223 1917 Mappio
1262 1860 1368 1901 mire
1403 1858 1569 1901 descri-

83 1939 246 1981 buntur
268 1940 313 1981 in
335 1939 504 1980 duabus
524 1937 719 1995 strophis
749 1937 1037 1994 sequentibus
1063 1953 1070 1976 :

388 2029 513 2073 Ipsam
536 2026 771 2072 Pythagorae
792 2027 948 2059 formam
970 2026 1127 2071 aspicio,

388 2084 617 2128 Inscriptum
640 2083 776 2116 artium
799 2082 988 2115 schemate
1008 2082 1112 2115 vario
1120 2107 1189 2116 .....

388 2155 428 2187 In
451 2155 571 2187 fronte
591 2153 718 2186 micuit
741 2166 802 2185 ars
822 2152 1047 2197 astrologia:

388 2211 565 2244 Dentiuni
589 2210 725 2243 seriem
747 2210 844 2253 regit
864 2209 1128 2253 grammatica3

389 2267 428 2300 In
449 2267 577 2309 lingua
598 2266 768 2311 pulcrius
791 2273 919 2298 vernat
942 2265 1152 2304 rhetorica;

388 2322 596 2356 Concussis
619 2329 763 2355 aestuat
786 2322 820 2354 iu
836 2321 949 2354 labiis
968 2321 1104 2366 logica.

386 2394 480 2427 Hinc
503 2393 737 2426 arithmetica
759 2393 890 2437 digitis
914 2392 1034 2431 sociam

387 2450 426 2483 In
448 2462 536 2483 cava
558 2450 700 2482 musica
721 2449 817 2482 ludit
840 2449 997 2487 arteria;

388 2506 536 2539 Pallens
558 2506 593 2538 in
611 2505 731 2539 oculis
752 2511 825 2538 stat
847 2505 1073 2550 geometria:

388 2561 589 2602 Quaelibet
610 2562 745 2595 artium
769 2568 897 2594 vernat
912 2561 947 2594 in
966 2561 1137 2605 propria,
1168 2599 1170 2605 ζ

386 2632 455 2666 Est
473 2639 555 2666 ante
578 2633 674 2666 ratio
696 2633 812 2666 totius
835 2632 998 2671 ethicae;

385 2689 425 2721 In
446 2695 553 2733 tergo
573 2689 736 2733 scriptae
760 2694 845 2722 suut
861 2695 961 2722 artes
978 2687 1250 2721 mechanicae2.

119 2786 148 2816 1.
174 2785 310 2827 Wright
329 2786 396 2822 ed.‚
420 2796 451 2826 p.
474 2785 512 2815 22
533 2789 565 2816 et
586 2785 636 2815 23.

118 2834 149 2866 2.
170 2833 306 2874 Wright
324 2832 391 2871 ed„
413 2843 447 2873 p.
470 2833 499 2864 2.
