1873 3329
355 269 655 294 FAM‘LOSAssrM
693 270 996 296 NARRATIONUM
1033 270 1234 296 SCssll‘TOss
1246 271 1266 295 E
1510 264 1566 292 122¹

79 375 99 396 «
127 357 319 398 Primum
344 354 386 395 in
417 353 603 394 adventu
634 353 782 395 lancea
805 355 990 412 suscipit
1019 355 1306 396 transfossum
1339 355 1379 395 in
1412 370 1501 401 cor,
1529 364 1570 394 vt

78 450 151 474 sua
170 433 347 473 sinistra
365 431 558 471 lanceam
585 431 721 487 ipsius
741 432 912 475 avertit,
943 441 981 472 et
1008 448 1126 472 suam
1152 433 1387 473 extrahens
1413 431 1570 488 recipit

78 508 316 551 secundum
355 524 431 565 per
469 507 657 548 medium
691 508 908 565 inguinis:
943 509 1099 549 tertius
1130 509 1269 564 ipsum
1305 509 1567 548 titubantem

79 586 291 643 repperit,
318 593 358 626 ct
387 583 709 641 parvipendens
738 585 1009 641 amplexatus
1042 593 1106 625 est
1129 601 1225 625 eum
1252 586 1375 641 quasi
1400 585 1569 640 eligens

80 663 195 705 hosti
224 679 301 719 pro
324 671 424 702 voto
455 669 652 701 mortem.
686 660 763 701 lllc
791 669 932 702 autem
960 662 1148 721 impiger
1184 662 1221 702 ei
1245 661 1478 701 abscondit
1502 662 1568 701 in-

80 739 208 782 terim
237 738 462 795 cnipulum
495 737 574 777 snb
604 745 799 793 pectore,
837 747 878 778 et
906 739 957 778 ab
982 739 1076 794 ipso
1100 738 1232 779 alium
1262 739 1456 794 suscepit
1478 738 1569 778 cui-

81 816 230 874 pulum
267 832 344 873 per
375 814 562 855 medium
593 814 883 870 scapularum.
918 816 1198 856 (lc-cumbunt
1225 831 1331 873 crgo
1363 823 1567 871 quatuor,

82 893 159 934 sed
183 893 275 950 ipse
299 892 417 932 solus
445 890 582 931 evasit
606 892 629 929 ¹.
667 909 685 928 »
712 891 857 932 Senex
887 891 1022 932 sactus
1051 908 1148 933 cum
1182 892 1225 933 in
1256 891 1471 948 proelium
1511 893 1571 932 ire

84 986 170 1012 non
188 969 376 1026 amplius
394 976 558 1024 posset,
576 968 658 1008 hoc
676 967 830 1008 solatio
847 969 1053 1009 utebatur
1067 968 1186 1025 quod
1205 969 1300 1028 regi
1317 985 1394 1010 suo
1413 969 1573 1009 litteris

84 1047 312 1088 victoriam
336 1044 644 1102 portendebat.
672 1045 757 1096 Qui
780 1061 953 1102 semper
975 1046 1140 1086 vixerat
1161 1054 1208 1086 ut
1235 1046 1435 1093 bellaret,
1462 1046 1575 1086 inter

87 1122 338 1164 bellandum
371 1121 479 1162 mori
514 1130 834 1178 praeoptasset.

147 1199 304 1241 Procul
333 1198 467 1239 dubio
497 1197 570 1238 ille
598 1198 795 1238 eamdem
819 1215 947 1256 quam
978 1199 1288 1240 Cisterciensis
1318 1199 1574 1243 monachus,

88 1277 141 1319 de
179 1292 265 1334 quo
304 1274 561 1324 XYalterius,
600 1283 762 1315 sortem
797 1276 989 1332 experiri
1031 1276 1312 1317 vehementer
1350 1276 1575 1333 cupiisset.

90 1353 167 1395 Ille
207 1352 448 1394 monachus
486 1351 744 1392 servandam
780 1353 1111 1409 possessionum
1151 1353 1448 1410 integritatem
1491 1352 1579 1392 filio

90 1430 395 1478 commiserat3
433 1429 527 1485 ipse
564 1437 724 1473 autem,
757 1445 886 1469 orans
922 1438 963 1470 et
998 1445 1158 1486 corpus
1187 1429 1424 1487 castigans,
1451 1445 1581 1486 proe-

92 1506 253 1548 liorum
288 1505 523 1547 tumultum
553 1507 643 1562 jam
677 1521 765 1546 non
808 1505 1082 1547 meminerat.
1115 1506 1312 1559 Quadam
1353 1506 1445 1554 die,
1483 1522 1580 1547 cum

94 1592 318 1633 vexatum,
354 1583 539 1632 victum,
580 1582 815 1639 spoliatum
863 1583 916 1623 ab
963 1583 1089 1624 hoste
1137 1582 1274 1624 filium
1327 1583 1580 1632 audivisset,

94 1659 350 1702 monasterii
397 1659 670 1716 superiorem
717 1659 980 1716 deprecatur
1025 1669 1071 1701 ut
1123 1661 1208 1701 sibi
1260 1661 1417 1701 iterum
1467 1675 1586 1701 arma

95 1737 278 1779 induere
306 1745 348 1778 et
382 1736 590 1793 proeliari
623 1736 767 1777 liceat.
801 1738 1022 1778 Concessa
1051 1737 1247 1788 licentia,
1275 1754 1295 1776 «
1318 1738 1443 1794 quasi
1473 1736 1584 1778 redi-

95 1815 191 1855 vivo
221 1813 367 1855 furore
397 1829 636 1854 succensus
666 1813 867 1854 acerbior
892 1814 1115 1855 involabat
1139 1815 1183 1855 in
1210 1815 1377 1863 hostes,
1410 1823 1467 1865 ct,
1500 1814 1588 1855 sive

97 1891 317 1950 sugerent,
355 1890 443 1931 sive
494 1889 771 1940 resisterent,
818 1890 880 1930 eis
933 1890 1182 1932 indefessus
1231 1890 1500 1932 adhaerebat
1545 1898 1592 1931 ut

97 1967 334 2026 glutinum,
366 1975 424 2017 et,
455 1981 553 2007 cum
576 1981 809 2007 numerosa
834 1982 964 2007 manu
988 1976 1244 2024 sperassent
1267 1968 1417 2009 hostes
1444 1967 1590 2024 oppri-

100 2060 234 2095 mere,
280 2042 556 2094 fortitudine,
596 2058 684 2084 non
723 2043 1007 2085 multitudine
1044 2045 1160 2085 vinci
1201 2043 1471 2086 didicerunt.
1513 2043 1591 2085 Ille

102 2121 382 2163 inimicorum
409 2120 452 2161 in
482 2119 644 2170 medio,
675 2120 867 2161 turbinis
890 2121 1029 2162 instar
1051 2122 1094 2162 in
1118 2121 1314 2178 pulvere,
1340 2122 1464 2178 quasi
1483 2130 1592 2162 tem-

101 2207 246 2256 pestas
282 2197 553 2248 desaeviens,
598 2196 817 2255 dispergit
852 2198 1019 2246 hostes,
1060 2206 1101 2239 et
1140 2207 1260 2240 tanta
1296 2198 1457 2239 virtute
1499 2207 1591 2239 stu-

104 2275 179 2333 pid
210 2291 229 2315 s
259 2274 406 2315 reddit
427 2282 474 2315 ut
501 2274 545 2314 in
574 2273 666 2314 sola
687 2273 865 2315 videant
891 2275 1075 2316 salutem
1108 2275 1206 2333 suga
1224 2277 1236 2297 ²
1266 2292 1305 2315 ».
1339 2277 1446 2317 Cum
1471 2292 1589 2325 vero,

104 2351 330 2393 victoriam
367 2350 595 2399 anhelans,
635 2366 659 2391 a
687 2350 866 2407 pulvere
895 2360 937 2393 et
966 2352 1057 2393 sole
1092 2352 1135 2393 in
1163 2353 1333 2393 vineam
1362 2353 1595 2393 arboribus

105 2429 324 2470 obtectam
367 2427 646 2476 recessisset,
682 2428 855 2485 ibique,
902 2427 1117 2486 depositis
1164 2429 1297 2470 armis
1349 2438 1390 2470 et
1442 2429 1594 2477 lorica,

107 2505 223 2547 sesso
262 2519 464 2560 corpore,
502 2503 639 2561 quieti
675 2504 942 2562 indulgeret,
977 2521 1030 2546 ex
1062 2506 1264 2547 hostibus
1311 2522 1423 2547 unus
1470 2506 1600 2546 obre-

110 2597 220 2639 pens
252 2596 350 2622 eum
384 2580 534 2622 lethali
578 2580 758 2622 vulnere
800 2582 992 2623 conficit.
1029 2582 1253 2624 Advocato
1289 2583 1433 2624 statim
1470 2582 1603 2623 armi-

107 2673 232 2716 gero,
271 2656 401 2714 plena
444 2672 545 2698 voce
581 2658 712 2698 miser
752 2667 929 2715 peccata
970 2658 1224 2708 confitetur,
1263 2658 1512 2717 efflagitans
1555 2667 1601 2699 ut

153 2777 183 2808 1.
204 2779 250 2807 De
274 2776 392 2818 Nngis,
417 2787 451 2817 p.
474 2777 525 2806 93.

154 2825 185 2856 2.
209 2823 309 2860 Ibid.,
335 2835 369 2864 p.
395 2824 445 2853 21.

1399 2891 1419 2922 9
