1873 3329
522 305 571 330 013
605 305 815 330 WALTEnn
853 304 994 330 ΜΑΡΡΙΙ
1030 304 1125 329 VITA

79 391 281 449 ampliuS.
328 391 400 432 Sic
442 389 698 447 frequenter
744 389 857 430 etin
902 389 1014 438 aliis,
1054 389 1094 429 in
1133 389 1261 429 Curia
1297 387 1563 445 praejudicat

78 468 231 509 umbra
253 467 448 524 corpori,
473 467 676 507 dubietas
699 465 973 514 certitudini,
1000 465 1112 506 datis
1135 465 1368 522 promissio
1387 466 1410 504 ¹.
1446 483 1466 503 »

138 545 182 586 In
213 560 263 585 eo
293 543 388 583 loco
411 543 650 584 inferorum
676 541 919 591 simillimo,
952 550 994 582 et
1030 542 1128 598 quia
1159 541 1326 598 fragilis
1359 541 1565 589 amicitia,

77 620 210 662 multa
235 620 471 661 infidorum
499 620 745 660 animorum
769 618 946 663 oblivia,
976 618 1138 658 invidia
1160 618 1226 658 vel
1250 619 1431 675 optimis
1455 617 1568 658 ‹listi-

75 698 213 738 dcns²
241 713 391 738 saevos
426 696 600 737 dolores
630 695 942 736 honestissimo
977 696 1134 752 cuique
1164 695 1357 752 pariunt,
1396 704 1437 735 ct
1466 694 1564 751 quia

75 783 246 814 coctum
291 773 544 830 hujusmodi
579 772 704 812 soeda
751 773 852 812 vitia
899 772 1183 821 dedecorant,
1232 772 1398 817 odium,
1442 772 1565 828 cupi-

73 850 203 899 ditas,
248 850 540 897 mendacium,
585 849 703 896 vivit,
754 849 943 889 luctatur
989 858 1031 889 et
1071 849 1185 906 perit
1224 849 1350 889 turba
1395 848 1563 888 lucrosa

76 928 218 969 munia
249 936 290 968 et
312 927 565 983 pecuniaria
589 925 819 967 commoda
851 927 1011 967 acriter
1050 941 1282 983 quaerens.
1319 926 1565 982 Utrumque

71 1004 202 1045 simul
247 1003 418 1045 obtinet
463 1019 560 1044 cum
606 1002 885 1059 judiciarium
934 1003 1113 1060 aliquod
1154 1002 1370 1052 officium,
1414 1002 1564 1058 quale-

71 1096 257 1137 cumque
281 1088 361 1130 est,
393 1080 615 1137 contingit
635 1088 682 1120 ut
710 1079 907 1136 arripiat.
943 1081 1001 1120 Ea
1039 1095 1147 1136 quae
1173 1097 1193 1118 «
1225 1079 1510 1119 condimenta
1544 1097 1562 1116 »

71 1173 150 1215 per
184 1159 332 1214 jocum
366 1157 634 1197 vocabantur
670 1165 790 1197 certe
832 1172 918 1196 non
954 1156 1145 1213 primum
1175 1156 1422 1215 excogitata
1460 1163 1564 1195 sunt

67 1234 238 1275 decimo
278 1242 429 1274 octavo
471 1233 664 1285 saecule,
709 1235 797 1290 jam
833 1233 949 1273 enim
994 1233 1274 1280 duodecimo,
1311 1248 1463 1273 omnes
1510 1232 1563 1272 ad

66 1326 201 1351 unum
225 1310 423 1367 justitiae
449 1310 659 1359 ministri,
686 1310 968 1360 vice-comcs,
996 1310 1381 1359 sub-vice-comes,
1414 1308 1563 1349 bedel—

66 1387 149 1435 lus,
199 1402 374 1444 praeCO,
423 1403 443 1428 a
485 1403 655 1428 summo
697 1387 750 1428 ad
791 1386 988 1428 infimum
1031 1386 1233 1445 gradum,
1283 1386 1427 1426 officia
1477 1385 1561 1426 sibi

66 1463 209 1505 delata
237 1463 290 1504 ad
326 1463 371 1504 id
398 1472 569 1505 tantum
598 1464 821 1520 pertinere
863 1464 1104 1504 censebant
1134 1472 1181 1504 ut
1215 1464 1349 1504 annui
1390 1462 1560 1503 reditus

66 1540 328 1581 infuturum
363 1541 447 1582 sibi
476 1549 755 1598 pararentur.
793 1559 813 1580 «
852 1541 905 1582 Di
941 1540 1051 1581 nihil
1082 1541 1293 1581 intactum
1332 1540 1556 1597 linquunt,

66 1617 127 1658 nil
155 1617 438 1669 intentatum,
470 1627 512 1659 et
533 1634 662 1674 apum
692 1618 830 1659 instar
859 1618 1113 1658 innocentia
1142 1618 1333 1674 puniunt
1364 1633 1371 1658 ;
1404 1625 1558 1658 venter

65 1703 211 1734 tamen
251 1693 396 1735 evadit
430 1694 630 1751 impune,
675 1694 872 1735 insident
906 1694 1090 1736 floribus
1124 1703 1171 1735 ut
1211 1694 1352 1735 mellis
1391 1692 1558 1750 aliquid

65 1770 262 1823 eliciant,
294 1780 337 1812 et
357 1779 521 1820 tamen,
548 1772 590 1812 in
613 1771 845 1828 potestatis
868 1772 1013 1820 initio,
1034 1773 1186 1828 jurant
1214 1787 1360 1812 coram
1390 1786 1561 1811 summo

60 1847 209 1904 judice
249 1848 367 1905 quod
408 1847 596 1889 fideliter
643 1857 687 1889 et
719 1848 985 1889 indemniter
1016 1848 1196 1890 domino
1244 1848 1559 1889 ministrabunt

65 1932 109 1965 et
136 1925 235 1975 sibi,
285 1924 521 1966 reddentes
562 1941 672 1982 quae
713 1934 815 1967 sunt
838 1926 1055 1974 Caesaris,
1081 1926 1280 1976 Caesari3
1315 1941 1426 1982 quae
1453 1925 1553 1974 Dei,

66 2002 158 2049 Deo
193 2003 254 2041 ³.»

125 2079 302 2119 Frustra
343 2079 478 2136 igitur
515 2079 719 2120 nonnulli
756 2095 809 2120 ex
836 2079 904 2120 his
935 2080 1010 2137 qui
1044 2079 1290 2136 perfectum
1327 2079 1560 2137 exemplar

64 2155 286 2196 obstinate
324 2155 567 2206 intuentur,
604 2164 651 2197 ut
696 2157 732 2196 J.
772 2157 960 2208 Ruskin,
997 2156 1050 2197 de
1089 2156 1350 2198 duodecimo
1385 2156 1560 2198 saeculo

65 2231 306 2288 loquuntur
343 2232 468 2289 quasi
497 2232 652 2273 suisset
679 2241 797 2273 aetas
827 2249 973 2281 aurea,
1011 2249 1141 2290 quam
1169 2235 1385 2290 temporis
1417 2234 1560 2274 nostri

65 2308 169 2349 vitia
210 2307 430 2368 sugerent.
473 2309 570 2350 Non
613 2318 730 2350 certe
774 2310 966 2367 publicis
1013 2310 1170 2351 officiis
1205 2311 1560 2368 praepositorum

65 2384 236 2434 sordes,
265 2400 352 2426 non
382 2401 564 2442 asperae
589 2386 852 2438 simultates,
880 2402 902 2427 e
932 2387 1140 2444 propriae
1174 2387 1378 2429 utilitatis
1414 2404 1560 2429 amore

65 2469 208 2513 natae,
233 2461 349 2503 inter
371 2477 444 2502 eos
478 2462 553 2519 qui
582 2462 636 2503 ad
664 2463 937 2520 reipublicae
967 2464 1193 2521 principes
1225 2465 1408 2522 propius
1439 2480 1559 2505 aece-

66 2537 170 2579 dere
214 2538 428 2596 gestiunt,
467 2538 689 2580 horrenda
730 2540 957 2581 hominum
1007 2549 1176 2599 strages
1217 2542 1260 2582 in
1305 2541 1557 2582 ambitionis

108 2667 137 2698 1.
162 2669 208 2697 De
228 2667 349 2709 NugiS.

108 2716 137 2744 2.
167 2714 362 2745 Citabimus
402 2715 548 2746 ulterius
594 2716 724 2755 locum,
756 2717 790 2746 in
829 2728 897 2757 quo
931 2717 1015 2748 scite
1050 2718 1211 2758 Mappius
1245 2718 1396 2748 ostendit
1429 2718 1560 2749 aulicos

64 2761 212 2792 aemulis
234 2761 451 2799 insidiantes,
483 2767 527 2799 et,
557 2762 692 2803 quoties
720 2774 811 2804 opus
843 2769 929 2801 erat,
958 2765 1121 2796 virtutem
1151 2765 1238 2795 salso
1259 2765 1395 2796 nomine
1424 2766 1560 2802 vitium,

66 2808 211 2849 pulchre
234 2810 365 2839 factum
383 2809 496 2840 scelus
515 2810 747 2850 appellanteS.

109 2856 138 2887 3.
165 2858 211 2886 De
232 2857 352 2898 Nugis,
373 2867 408 2897 p.
431 2857 460 2893 8,
483 2856 544 2887 lin.
564 2857 613 2893 13,
636 2858 687 2888 18.
