1842 3288
160 292 163 295 “
215 296 273 325 192
710 296 760 321 DE
794 293 1018 321 WALTEmo
1052 294 1207 320 ΜΑΡΡιο

219 401 342 434 uxor,
387 382 546 424 iisdem
581 381 749 422 artibus
793 380 953 437 quibus
1002 387 1152 436 postea
1195 378 1380 420 feminae
1418 395 1440 420 a
1474 380 1526 421 D.
1570 378 1706 420 Paulo

218 463 414 520 Bourget
435 459 700 516 descriptae,
730 458 866 498 utitur
890 472 998 514 quae
1027 472 1047 496 a
1077 455 1232 496 marito
1255 456 1380 512 petit,

478 572 528 605 Ut
548 571 658 604 vadat
676 582 835 616 peregre
855 581 922 614 per
944 568 1189 607 monasteria;

479 628 525 661 Et
539 634 637 661 tecta
659 627 813 660 subiens
831 624 1119 671 prostibularia,

481 684 571 718 Plus
594 684 658 716 illa
680 682 848 716 celebrat
871 694 981 727 quam
1001 681 1214 714 sanctuaria
1233 682 1257 715 ¹.

227 792 404 834 Tertius
432 791 627 839 tandem,
660 790 789 846 longe
830 797 1022 830 moratus
1062 789 1105 829 in
1139 786 1397 844 explicanda
1431 787 1528 838 hac,
1562 787 1714 828 saltem

228 870 392 911 rustica
417 868 650 916 sententia,
677 866 847 907 scilicet
868 865 985 923 quod

486 981 567 1014 Una
586 980 721 1013 mulier
742 979 873 1022 fatigat
894 978 1076 1023 populum
1092 978 1120 1016 ⁴²,

229 1091 335 1132 dein
394 1088 655 1129 feminarum
708 1087 952 1127 insectatur
1012 1084 1315 1144 garrulitatem
1334 1117 1342 1131 ‚
1404 1091 1447 1124 et
1496 1082 1723 1139 praedicat

233 1166 502 1209 lenocinium
529 1165 780 1212 verborum,
813 1178 923 1219 quae
953 1160 1122 1218 profert
1156 1177 1304 1202 earum
1338 1160 1489 1218 lingua
1514 1158 1722 1200 volubilis

233 1259 408 1301 semper
431 1251 473 1283 et
501 1242 703 1299 impigra.
731 1239 849 1281 Talis
880 1239 1115 1280 verborum
1145 1238 1334 1295 impetus
1366 1237 1571 1278 maritum
1601 1236 1730 1293 quasi

234 1321 429 1362 fulminis
463 1320 550 1360 ictu
583 1317 806 1367 obtundit,
836 1333 887 1357 ex
921 1317 1014 1372 ejus
1050 1315 1192 1355 fronte
1227 1314 1348 1371 sugat
1374 1313 1659 1364 hilaritatem,
1685 1321 1732 1354 et

235 1397 451 1439 subvertit
473 1395 651 1436 domum
674 1394 797 1452 quasi
827 1392 1007 1434 australi
1036 1392 1212 1432 turbine
1228 1392 1256 1430 ³.

499 1508 636 1552 Fugias
657 1518 762 1550 ergo,
786 1517 860 1538 uno
882 1516 946 1537 ore
967 1505 1126 1536 clamant
1148 1510 1226 1536 tres
1248 1514 1371 1542 voces,

502 1564 639 1609 Fugias
663 1562 893 1606 conjugium,
919 1559 1197 1593 dissimulatam
1220 1559 1454 1598 servitutem,

502 1620 639 1664 Fugias
661 1619 870 1656 mulierem,
895 1617 1052 1650 Satanae
1074 1615 1314 1660 discipulum.

241 1729 317 1770 Illa
356 1743 462 1788 ergo
497 1744 518 1766 «
556 1725 753 1785 conjugii
791 1724 990 1765 decoctio
1027 1741 1047 1762 »
1089 1723 1141 1764 de
1176 1738 1260 1779 qua
1297 1738 1437 1779 nuper
1477 1721 1520 1762 in
1552 1720 1737 1762 theatri-

242 1807 340 1848 culo
373 1823 393 1845 «
430 1804 469 1845 la
492 1804 730 1845 Bodiniere
772 1820 791 1842 n
824 1801 1142 1852 disserebatur,
1176 1799 1360 1841 fortasse
1396 1814 1482 1839 non
1512 1806 1578 1839 est
1606 1797 1738 1838 mira-

243 1883 387 1924 culum
428 1882 593 1923 nostris
625 1888 795 1921 tantum
824 1878 981 1919 diebus
1011 1886 1173 1927 ortum,
1210 1885 1257 1917 ut
1289 1875 1494 1917 videntur
1534 1874 1742 1916 arbitrari

244 1959 540 2001 recentissimi
581 1958 697 1999 inter
731 1964 908 1997 nostros
949 1955 1002 1995 de
1045 1954 1240 1995 moribus
1273 1953 1527 2010 scriptores.

307 2036 514 2089 Quamvis
560 2033 769 2092 propriae
827 2032 969 2073 nostri
1022 2031 1190 2088 populi,
1235 2031 1267 2070 si
1324 2029 1528 2087 pluribus
1574 2028 1742 2069 criticis

248 2113 534 2162 credendum,
570 2127 665 2152 esse
699 2110 904 2151 videntur
939 2107 1190 2149 istiusmodi
1227 2107 1421 2157 facetiae,
1459 2106 1568 2147 mire
1595 2114 1742 2146 tamen

249 2192 458 2241 levamur,
509 2205 643 2246 quum
678 2189 750 2231 W.
793 2186 998 2242 Mappius
1034 2185 1210 2225 divertit
1250 2183 1303 2224 ad
1350 2191 1607 2241 argumenta
1642 2197 1744 2223 suae

251 2269 378 2324 stirpi
407 2282 573 2324 suoque
602 2266 748 2307 animo
780 2263 919 2320 magis
954 2277 1159 2303 consona.

310 2344 503 2385 Fabellis
544 2341 693 2383 latinis
728 2340 868 2381 nostri
909 2338 1099 2380 auctoris
1132 2346 1249 2378 certa
1290 2336 1599 2393 anteponimus
1640 2350 1747 2392 poe-

257 2430 369 2462 mata
398 2420 559 2477 quibus
590 2420 632 2459 in
661 2418 765 2459 vitia
793 2416 958 2457 ironice
991 2415 1119 2456 simul
1148 2423 1190 2455 et
1224 2413 1395 2454 sortiter
1432 2412 1745 2463 debacchatur,

256 2507 299 2540 et
330 2498 458 2538 etiam
488 2496 570 2538 alia
598 2503 798 2552 poemata
829 2493 1005 2550 quibus,
1032 2492 1074 2533 in
1107 2491 1359 2531 memoriam
1389 2505 1598 2531 revocans
1632 2505 1702 2529 res
1727 2504 1748 2529 a

260 2591 305 2616 sc
325 2574 456 2624 visas,
491 2573 620 2614 simul
650 2581 692 2613 et
724 2570 894 2612 Giraldi
924 2568 1207 2611 Cambrensis
1239 2567 1578 2624 descriptiones,
1604 2564 1750 2622 expri-

262 2667 379 2693 mere
416 2659 556 2692 tentat
601 2665 744 2690 veram
787 2646 1077 2691 VVallensium
1117 2645 1375 2702 imaginem.
1414 2643 1591 2685 Illorum
1634 2641 1752 2699 quod

306 2762 334 2790 ‘l.
359 2763 532 2795 poemata,
550 2769 585 2799 p.
612 2758 660 2788 Sl.

305 2810 333 2838 2.
361 2808 461 2843 ΙὸιίΙ.,
489 2818 521 2847 p.
547 2808 597 2837 83.

307 2858 335 2885 3.
358 2854 458 2889 lbid„
481 2865 515 2894 p.
539 2855 591 2884 83.
