1873 3329
692 275 925 301 pirou-:Minu
1535 281 1553 309 3

127 357 377 397 Terrestres
413 357 488 398 bas
517 357 606 398 vias
641 358 887 414 complebat
916 361 979 401 via
1018 363 1230 404 maritima
1267 366 1429 407 Oceani
1466 368 1551 408 sre-

67 431 187 489 tique
222 432 368 489 gallici
405 451 412 474 :
458 435 621 490 Bajona
664 450 839 491 nempe,
878 436 1130 494 Burdigala,
1165 441 1384 482 Namnetes
1422 452 1552 500 atque

68 527 88 549 «
114 498 320 550 L'Ectuse
344 528 365 548 »
384 511 596 552 stationes
620 521 742 552 erant
761 512 874 553 inter
897 515 1206 556 meridionales
1231 535 1276 558 ac
1292 521 1551 574 septentrio-

67 585 189 628 nales
215 587 436 644 regiones.
469 587 720 628 Secundum
750 597 984 631 terrestres
1020 592 1108 632 vias
1144 610 1275 650 parvo
1304 611 1387 651 que
1419 597 1552 638 inter-

66 663 180 705 vallo
203 664 392 721 separati
413 673 629 705 mercatus
660 665 782 706 multi
806 675 1072 709 mercatores
1097 686 1118 708 e
1142 669 1395 729 longinquis
1419 675 1548 729 parti-

68 741 149 782 bus
170 740 445 792 alliciebant3
463 741 745 798 Rothomagi‚
765 742 1019 792 Remorum,
1039 746 1256 796 Aureliae,
1278 749 1544 791 Parisiorum

68 816 158 858 sora
188 818 350 874 ubique
373 825 490 859 nota.
517 818 786 859 Parisiorum
816 836 916 860 vero
945 821 1185 872 nundinae,
1216 839 1319 880 prae
1349 826 1548 883 Anglicis

66 904 148 936 aut.
170 893 416 936 Flandricis
450 894 677 942 nundinis,
716 895 758 936 in
794 904 882 937 tota
916 897 1090 955 Europa
1126 900 1395 941 notissimae.
1429 903 1551 942 Nun-

66 972 266 1013 dinarum
285 986 458 1028 quoque
478 971 851 1028 Sancti-Dionysii
869 973 1009 1015 dictae
1027 974 1095 1030 (de
1113 976 1305 1033 Lendit),
1327 979 1493 1034 [Tgerni
1510 989 1553 1020 et

65 1048 267 1106 inprimis
289 1048 525 1089 Trecarum
549 1049 592 1089 in
623 1050 864 1106 Campania
887 1058 966 1091 xn⁰
983 1053 1072 1107 jam
1097 1053 1269 1093 sacculo
1292 1070 1386 1094 esse
1406 1057 1551 1112 coepit

64 1126 138 1168 illa
173 1126 283 1167 sama
311 1141 422 1183 quae
456 1141 594 1183 usque
622 1126 674 1167 ad
705 1142 785 1167 nos
819 1127 988 1184 perlata
1022 1137 1103 1169 est.
1136 1130 1257 1182 Quae
1293 1133 1552 1173 mercatoria

62 1203 281 1244 industria
335 1202 424 1244 illis
475 1203 769 1244 recentiorum
821 1205 1145 1261 negotiatorum
1200 1209 1553 1250 antecessoribus

64 1295 240 1322 sensum
269 1279 392 1322 dedit
413 1280 627 1321 acriorem
652 1279 976 1330 difficultatum,
1004 1283 1164 1338 quibus
1192 1291 1283 1324 tum
1309 1294 1552 1327 mercatura

61 1357 403 1416 impediebatur.
433 1358 622 1398 Necesse
654 1373 760 1414 ergo
789 1357 1009 1400 duxerunt
1037 1360 1268 1401 societates
1300 1361 1544 1411 instituere,

62 1450 172 1492 quae
200 1433 386 1493 singulis
408 1433 569 1475 auxilio
592 1443 753 1475 essent.
787 1435 1155 1493 Rothomagensis
1185 1454 1206 1476 «
1236 1437 1397 1478 Childa
1423 1456 1443 1477 »
1470 1446 1548 1480 Χιι0

62 1511 237 1553 saeculo
283 1511 586 1569 monopolium
626 1520 800 1553 exercet
844 1512 980 1554 totius
1025 1514 1300 1555 Normannos
1351 1515 1465 1557 inter
1504 1525 1547 1557 et

61 1588 281 1630 Hibernos
317 1597 602 1639 mercaturae,
644 1589 888 1645 emporium
923 1598 1152 1646 praeterea
1191 1591 1389 1647 possidet
1430 1593 1545 1633 Lon-

59 1664 170 1717 dini,
194 1674 237 1707 et
254 1667 483 1723 Sequanae
505 1665 730 1707 inferioris
747 1674 1018 1707 mercaturae
1041 1667 1356 1724 monopolium.
1384 1687 1403 1706 «
1430 1670 1547 1710 Pari-

61 1742 220 1784 siensis
245 1744 386 1784 Hansa
415 1744 529 1799 »jus
551 1742 812 1799 adipiscitur
837 1750 879 1783 et
901 1743 986 1784 sibi
1007 1743 1089 1784 soli
1111 1744 1318 1795 vindicat,
1344 1745 1386 1786 in
1411 1746 1547 1805 regali

57 1819 270 1870 dominio,
297 1819 620 1877 navigationem
648 1819 903 1861 exercendi.
925 1821 1258 1861 Octrcbatensis
1283 1839 1304 1860 «
1335 1821 1494 1863 Ghilda
1522 1841 1543 1862 »

57 1896 271 1955 singulari
294 1895 526 1954 privilegio
549 1895 756 1937 eximitur
778 1896 831 1937 de
850 1897 1080 1953 portoriis,
1105 1912 1216 1954 quae
1235 1898 1470 1955 Bapalmae
1493 1898 1546 1940 de

57 1973 292 2024 mercibus,
318 1973 435 2015 inter
456 1972 643 2015 Galliam
671 1981 714 2014 et
734 1972 988 2014 Flandriam
1011 1974 1313 2031 comportatis,
1339 1975 1544 2033 imposita

55 2059 194 2092 erant.

115 2128 180 2169 Ex
199 2127 287 2169 illis
315 2127 461 2169 subito
483 2127 642 2169 creatis
671 2126 794 2168 novis
823 2127 1126 2179 societatibus,
1145 2128 1253 2169 adeo
1283 2144 1304 2169 a
1327 2129 1539 2186 regimine

55 2204 218 2246 feudali
248 2204 325 2246 illo
354 2205 712 2255 abhorrentibus,
738 2203 858 2261 quod
885 2204 1198 2246 communitate
1226 2205 1535 2262 agricolarum,

54 2289 97 2322 et
136 2281 350 2323 divisione
386 2289 603 2323 terrarum
641 2280 869 2322 fundatum
903 2289 1012 2333 erat,
1049 2297 1101 2322 ex
1140 2280 1213 2322 illa
1252 2281 1458 2323 itinerum
1495 2292 1538 2324 et

53 2357 306 2400 commercii
334 2357 541 2400 facilitate
569 2366 694 2399 aucta
716 2373 896 2399 necesse
922 2366 1016 2399 erat
1042 2366 1088 2399 ut
1115 2358 1306 2399 oriretur
1334 2358 1468 2400 altera
1496 2369 1537 2401 et

53 2433 365 2477 intellectualis
392 2443 436 2477 et
456 2434 634 2492 politica
658 2434 883 2492 impulsio,

112 2512 327 2553 Mentium
376 2511 618 2561 renovatio,
668 2520 712 2553 et
759 2511 938 2568 politica
988 2511 1167 2571 agitatio
1215 2494 1264 2552 co
1313 2512 1448 2568 magis
1470 2499 1473 2502 Α
1494 2512 1537 2552 in

53 2587 195 2630 Gallia
230 2587 451 2639 effulsere,
492 2604 579 2646 quo
618 2589 761 2630 acrior
804 2588 945 2630 fuerat
980 2588 1273 2647 negotiatoria
1314 2588 1535 2644 impulsio,

51 2673 323 2707 caeterarum
351 2666 493 2724 origo.

108 2742 166 2784 Ut
200 2743 290 2799 jam
330 2758 460 2800 supra
503 2742 763 2793 notavimus,
805 2742 907 2783 inde
944 2758 966 2783 a
1002 2742 1297 2783 Barbarorum
1336 2741 1531 2791 incursu,

50 2817 189 2861 bonae
213 2827 328 2862 artes
346 2819 474 2862 unice
498 2819 541 2861 in
560 2819 825 2877 quibusdam
848 2818 1126 2860 monasteriis
1150 2826 1192 2859 et
1215 2817 1530 2859 cathedralium
