1873 3329
0 0 143 108 ry*
163 3 206 14 ·..

374 344 423 368 DF.
460 343 622 368 {losum-1
657 344 706 368 AC
744 343 792 367 DE
828 341 992 366 vlumus
1027 340 1323 364 (ΣΟΩΙΤΛἸῚΟΧΙ.ς
1530 337 1581 365 lli

100 428 275 486 longius
310 428 470 469 ducere
506 437 635 484 caput
670 427 777 468 illud
814 442 899 484 quo
937 440 1168 482 personam
1208 425 1335 467 lianc.
1373 426 1453 465 etsi
1491 426 1590 466 brc-

98 506 224 555 viter,
256 505 509 546 descrilwr«¹
542 505 817 545 tentavimus.
854 504 1030 543 Frustra
1060 500 1189 542 vellet
1218 501 1374 558 aliquis
1406 502 1593 542 adstric-

98 582 184 623 tius
212 591 251 622 et
283 583 407 639 quasi
438 599 522 622 uno
545 582 677 621 verbo
707 580 848 637 qualis
880 578 1119 620 XYaltcrius
1147 577 1276 617 suerit
1307 579 1552 634 exprimere
1579 596 1586 618 :

99 674 197 699 nam
215 658 453 700 wallensis
477 658 565 702 ille„
592 674 686 698 cum
710 658 987 697 Not-mannae
1012 655 1290 712 arrogantiae
1315 656 1462 695 nescio
1487 656 1591 712 quid

100 734 352 782 adsciverit,
378 735 471 793 regi
507 744 649 775 tamen
682 733 822 773 lidelis
854 733 954 781 l'uit:
989 731 1229 771 monachus
1260 731 1329 771 ille
1362 732 1459 772 fidoi
1491 749 1591 773 suac

102 812 398 869 integritatem
435 820 563 868 atque
604 809 826 850 Ecclesiae
859 808 1090 866 privilegia
1126 807 1334 848 ardenter
1369 808 1587 853 defendit:

100 904 180 930 nce
210 898 354 929 tamen
384 888 587 928 ordinum
623 886 911 944 quorumdam
939 884 1196 942 disciplinas
1226 885 1484 942 approbavit
1514 902 1590 926 nec

100 974 370 1006 crescentem
405 965 446 1005 in
476 964 589 1005 diem
623 965 844 1005 Romanae
877 963 1032 1003 Cui-iac
1062 962 1368 1003 auctoritatem
1402 962 1590 1003 libenter

99 1051 306 1099 expertus
329 1050 415 1091 est;
443 1041 652 1098 magister
681 1040 753 1081 ille
784 1040 958 1080 virtutis
987 1055 1034 1079 ac
1058 1039 1300 1095 sapientiae
1331 1049 1591 1096 praeceptor

100 1129 138 1160 et
162 1119 274 1160 vitae
304 1117 477 1176 regulas
507 1117 679 1175 placide
709 1117 916 1165 instituit,
944 1125 984 1157 et
1014 1131 1142 1172 saepe
1167 1116 1257 1162 irae
1283 1132 1361 1156 nec
1386 1116 1592 1173 indigna-

98 1196 206 1237 tioni
248 1196 462 1253 pepercit,
503 1210 582 1235 nec
623 1211 643 1234 a
681 1194 793 1250 jocis
835 1202 876 1234 et
917 1193 1080 1233 salibus
1123 1193 1370 1233 abhorruit.
1417 1195 1461 1233 In
1505 1210 1590 1250 quo

102 1273 246 1314 omnia
275 1272 471 1329 reperias
500 1288 611 1329 quae
654 1270 915 1312 duodecimo
951 1269 1125 1310 saeculo
1160 1269 1387 1309 hominum
1422 1270 1590 1310 animos

101 1350 277 1407 antiqua
301 1358 342 1391 et
365 1365 471 1390 nova
498 1348 861 1397 sollicitaverunt,
889 1346 1052 1387 nullius
1075 1355 1221 1387 tamen
1245 1347 1391 1403 gentis
1413 1347 1591 1404 propria

100 1427 285 1485 vestigia
317 1443 323 1466 :
352 1426 546 1467 nondum
571 1426 684 1466 enim
709 1424 954 1481 Anglorum
985 1439 1124 1479 genus
1154 1440 1174 1463 e
1203 1423 1460 1480 primordiis
1491 1440 1589 1464 con-

101 1512 268 1544 cretum
299 1511 378 1544 est.
411 1504 514 1544 Tam
545 1511 687 1543 autem
715 1510 831 1542 arcte
864 1500 1104 1544 walterius
1139 1501 1182 1541 in
1219 1516 1263 1541 se
1300 1500 1517 1557 implicuit
1551 1510 1591 1541 et

103 1596 215 1638 quae
256 1580 417 1638 origini
456 1595 557 1620 suae
593 1578 798 1627 debebat,
841 1587 881 1617 et
916 1594 1026 1634 quae
1062 1577 1162 1618 huic
1201 1577 1321 1636 genti
1357 1593 1465 1634 quac
1500 1579 1593 1633 ejus

103 1657 443 1698 adolescentiam
483 1656 604 1704 aluit,
640 1664 681 1696 et
717 1671 826 1712 quae
860 1655 928 1695 his
967 1654 1218 1695 hominibus
1254 1654 1448 1711 undique
1486 1655 1593 1695 ortis

102 1734 363 1791 quibuscum
403 1734 532 1774 vitam
566 1733 655 1773 sere
696 1748 870 1773 omnem
917 1731 1056 1778 duxit,
1092 1740 1138 1771 ut
1178 1747 1228 1772 ex
1273 1733 1367 1787 ejus
1415 1731 1593 1787 scriptis

102 1826 230 1852 nemo
252 1811 391 1867 possit
413 1825 655 1870 agnoscere
677 1809 837 1866 quibus
857 1817 929 1849 aut
945 1808 1070 1864 plura
1094 1816 1166 1848 aut
1183 1809 1351 1849 minora
1372 1807 1590 1849 debuerit.

102 1889 222 1929 Inter
244 1887 508 1929 excellentes
529 1887 608 1927 hos
631 1886 832 1927 homines
856 1884 1140 1926 collocandus
1169 1894 1235 1926 est
1256 1885 1350 1941 qui,
1376 1901 1427 1925 ex
1452 1886 1596 1926 omni-

103 1966 183 2006 bus
215 1964 589 2022 Septentrionalis
624 1964 824 2020 Europae
854 1962 1053 2019 partibus
1088 1962 1254 2002 extrusi
1287 1977 1384 2002 cum
1416 1961 1589 2002 easdem

100 2042 436 2091 Universitates‚
473 2042 543 2081 vix
579 2039 754 2097 quidem
790 2040 1033 2087 institutas,
1070 2038 1463 2096 frequentaverint,
1497 2054 1595 2079 eos-

102 2119 201 2160 dem
240 2119 357 2160 viros
399 2119 487 2159 sint
527 2116 752 2167 admirati,
794 2116 1010 2157 doctrinis
1049 2132 1096 2156 ac
1143 2115 1392 2172 disciplinis
1435 2115 1591 2156 iisdem

105 2196 192 2238 sint
223 2196 396 2237 formati
432 2204 472 2236 et
508 2195 665 2236 iisdem
696 2194 820 2234 libris
851 2193 1029 2240 cruditi,
1065 2193 1264 2250 ejusdem
1298 2192 1596 2233 renovationis

105 2274 147 2314 in
182 2273 408 2331 regionem
437 2288 558 2314 suam
592 2270 817 2328 fugitivam
850 2270 991 2311 lucem
1021 2269 1220 2311 eamdem
1253 2269 1514 2310 retulerunt.

164 2351 251 2391 Cur
280 2358 423 2391 autem
457 2358 544 2390 tam
575 2348 754 2407 fugitiva
785 2347 858 2388 lux
885 2346 959 2388 illa
988 2346 1138 2396 suerit,
1174 2362 1271 2388 cum
1301 2348 1391 2402 jam
1421 2347 1595 2403 penitus

103 2443 212 2486 quae
259 2427 518 2486 cogitaverit
562 2425 802 2469 VValterius
843 2424 1048 2481 Mappius
1093 2423 1506 2480 perlustraverimus
1548 2440 1595 2463 ac

100 2504 339 2562 diligenter
360 2502 745 2561 perpe11clerimus‚
763 2503 852 2558 jam
877 2516 964 2541 non
995 2501 1229 2542 obscurum
1255 2499 1353 2541 erit.

832 2691 866 2731 11

161 2802 257 2843 Non
286 2817 365 2843 nos
387 2810 534 2843 tamen
558 2801 688 2842 nimis
719 2801 910 2842 breviter
938 2800 990 2842 de
1020 2801 1089 2842 his
1117 2800 1382 2842 disseruisse
1411 2799 1590 2840 arbitra-

103 2879 236 2931 beris,
267 2895 363 2921 cum
387 2879 492 2937 quid
516 2878 854 2920 disseruerimus
879 2877 1056 2936 legeris.
