1873 3329
0 3283 25 3329 ij

729 283 962 310 paon-:mum
1555 284 1588 313 11

110 363 153 404 in
184 364 409 407 catholica
439 366 634 408 Ecclesia
665 368 984 425 querimoniam
1009 370 1248 418 suscitavit,
1284 380 1434 411 contra
1464 389 1590 428 quam

107 439 614 483 ardenterinvehebatur
631 443 870 486 walterius
894 445 1097 501 Mappius
1122 446 1444 501 paratissimum
1463 456 1590 504 atque

107 515 249 558 docile
283 534 440 577 agmen
470 519 669 560 Romano
697 520 902 561 Pontifici
937 521 1149 561 exhibuit.
1185 523 1271 561 llae,
1300 522 1467 563 sax-ent(-
1498 524 1592 565 reli-

108 593 332 652 giosorum
373 604 531 646 turma,
568 595 813 653 Gregorius
854 597 928 637 Vll
965 599 1146 654 ejusque
1181 614 1456 639 successores
1496 601 1593 640 uni-

107 677 240 711 tatem
286 671 328 712 in
377 672 474 713 sinu
516 671 738 713 Ecclesiae
779 681 1025 714 restaurare
1065 674 1311 720 voluerunt,
1349 691 1517 716 necnon
1553 686 1593 716 et

109 747 327 804 extirpare
367 747 468 789 vitia
507 764 618 805 quae
658 748 824 790 clerum
860 750 1133 806 polluebant,
1171 751 1339 792 scilicet
1385 754 1594 793 concubi-

109 832 257 865 natum
291 841 340 866 ac
367 825 615 866 simoniam.
651 826 832 866 Francia
863 826 1014 890 igitur,
1048 827 1220 867 saeculo
1252 837 1346 875 κη’,
1374 827 1590 888 ιιυγίῐιιῐρῤ

108 899 441 942 reformantium
489 902 531 942 in
580 901 774 943 Ecclesia
823 911 1035 943 renuente
1082 912 1226 944 tamen
1269 913 1311 944 et
1351 896 1592 946 reluctanti·

108 986 297 1029 exortas,
315 977 446 1019 simul
469 987 511 1019 et
526 978 771 1019 mirabilem
789 978 1072 1020 defensorum
1093 980 1308 1036 legionem
1321 1014 1328 1028 ,
1348 997 1456 1037 quac
1474 998 1592 1022 scan-

109 1054 205 1096 dala
229 1055 406 1112 penitus
428 1071 674 1115 expurgare
698 1055 920 1106 studebat,
947 1072 1128 1116 surgere
1144 1057 1268 1098 vidit.
1295 1059 1429 1113 Cujus
1451 1066 1593 1097 autem

109 1131 298 1191 agminis
349 1131 494 1173 sutura
542 1132 698 1173 suisset
744 1132 945 1184 victoria,
995 1133 1030 1174 si
1078 1134 1306 1189 Capetiani
1354 1134 1594 1174 stemmatis

111 1224 254 1267 reges,
286 1209 402 1250 inter
428 1225 539 1266 quos
567 1209 763 1250 eminent
789 1209 1036 1251 Ludovicus
1065 1211 1119 1251 VI
1150 1219 1193 1251 et
1229 1209 1473 1251 Ludovicus
1504 1210 1594 1260 Vll,

110 1300 199 1326 non
239 1301 337 1326 cum
374 1286 492 1343 Papa
529 1286 783 1327 societatem
817 1286 1037 1335 iniissent,
1074 1302 1125 1327 ex
1165 1302 1264 1343 qua,
1296 1302 1391 1327 cum
1422 1287 1598 1326 nomine

109 1363 463 1418 Natu-majorum
516 1362 561 1404 in
608 1363 822 1414 Ecclesia,
872 1363 959 1404 vim
1006 1378 1159 1404 novam
1207 1362 1260 1403 ad
1301 1362 1597 1403 monarchiam

109 1454 249 1497 prope
281 1447 551 1491 nascentem,
583 1439 893 1481 stabiliendam
922 1448 964 1480 et
998 1439 1320 1490 illustrandam,
1349 1440 1594 1488 obtinuere,

109 1531 238 1557 nemo
276 1516 390 1558 inter
421 1516 659 1558 historicos
701 1515 902 1558 affirmat.

171 1594 286 1634 Ilaec
308 1593 469 1653 agendi
498 1593 634 1634 virtus
664 1594 707 1634 in
738 1593 971 1651 religione,
997 1593 1181 1644 artibus,
1207 1593 1448 1634 litterarum
1478 1592 1595 1633 cultu

112 1678 241 1727 atque
294 1671 604 1721 oeconomiae,
653 1686 779 1728 quam
828 1671 978 1727 paucis
1026 1670 1276 1711 describere
1316 1670 1595 1721 tentavimus,

113 1746 290 1788 socialis
328 1748 393 1788 rei
428 1763 476 1789 ac
510 1747 714 1804 politicae
748 1747 858 1789 fines
887 1747 1070 1805 aggredi
1103 1747 1232 1804 paulo
1272 1755 1373 1803 post
1399 1746 1594 1802 parabat.

172 1825 268 1866 Non
290 1832 437 1865 tamen
465 1824 545 1865 hac
575 1824 619 1865 in
649 1833 772 1881 parte
800 1824 981 1865 effectus
1011 1840 1183 1864 causam
1212 1823 1395 1881 primam
1426 1830 1598 1863 secutus

113 1909 193 1942 est.
230 1901 326 1942 Non
371 1900 554 1942 dubium
592 1916 696 1942 sanc
736 1902 842 1958 quin
880 1901 1134 1942 commercii
1166 1915 1298 1957 opera
1330 1908 1372 1941 et
1406 1898 1594 1949 labores,

111 1993 223 2035 quae
249 1977 514 2019 elementum
544 1994 702 2019 novum
734 1978 1018 2019 manifestant
1051 1978 1094 2018 in
1130 1977 1354 2028 societate,
1387 1976 1472 2016 vim
1502 1990 1602 2032 spe-

113 2054 268 2096 cialem
303 2055 347 2095 in
381 2055 564 2096 Francia
593 2062 635 2095 et
658 2054 971 2096 multiformem
1000 2054 1290 2095 obtinuerint.
1315 2053 1534 2109 Nusquam
1566 2051 1601 2090 si

113 2130 279 2173 ltaliam
307 2131 518 2188 excipias,
545 2132 710 2188 majora
745 2131 984 2172 certamina
1008 2130 1243 2187 pluresque
1273 2137 1470 2170 conatus.
1495 2128 1600 2168 Nus-

113 2223 242 2265 quam
264 2207 484 2249 libertatis
506 2207 687 2264 cupido,
712 2207 972 2249 multimoda
997 2216 1039 2248 et
1066 2206 1236 2247 diversa
1270 2205 1407 2263 magis
1430 2204 1599 2245 ratione

117 2300 193 2326 usa
214 2292 294 2326 est.
319 2285 499 2326 Frustra
521 2293 666 2326 autem
688 2285 771 2325 hoc
794 2284 1015 2325 nascentis
1037 2284 1149 2324 vitae
1171 2281 1345 2323 socialis
1374 2280 1599 2322 exordium

117 2361 161 2402 in
184 2361 411 2403 nonnullis
432 2361 674 2419 tragoediis
697 2361 944 2418 symbolum
967 2359 1180 2408 exhibuit,
1206 2359 1339 2399 veluti
1360 2356 1603 2399 Biterrensi

117 2438 361 2480 rebellione
384 2446 427 2479 et
453 2438 758 2489 Laudunensi3
784 2438 945 2479 frustra
973 2437 1142 2478 cunctis
1170 2436 1378 2477 Franciae
1407 2434 1603 2491 partibus

116 2515 336 2567 insonuit;
362 2515 525 2556 frustra
547 2523 912 2572 comparaverunt
934 2513 1329 2570 emancipationem
1353 2511 1483 2552 variis
1512 2509 1601 2550 sus-

115 2591 215 2633 sulti
236 2592 498 2642 rationibus,
525 2593 614 2633 sive
644 2591 775 2641 lucta,
802 2592 890 2633 sive
919 2592 1159 2648 emptione,
1191 2589 1276 2630 sive
1306 2587 1480 2646 publica
1504 2602 1602 2627 ven-

116 2667 286 2710 ditione
303 2669 329 2720 ¹,
349 2668 438 2712 sive
459 2668 637 2710 tandem
660 2668 866 2726 opificum
889 2676 962 2708 aut
984 2675 1272 2708 mercatorum
1296 2665 1457 2705 sociata
1481 2678 1603 2703 cons-

163 2835 191 2865 1.
213 2835 297 2866 Vide
321 2836 470 2877 exempli
488 2835 603 2877 gratia
627 2835 712 2867 Lille
735 2839 768 2866 et
789 2834 974 2865 Audomari
994 2834 1134 2864 Fanum.
