1842 3288
216 327 275 356 196
711 327 762 353 1>ss
794 327 1018 352 WALTERIO
1054 327 1208 352 MAPPlo

482 414 509 445 A
536 412 715 458 praelatis
737 411 899 445 defluunt
924 413 1099 445 vitiorum
1117 412 1199 448 rivi,

487 470 532 502 Et
550 476 669 501 lamen
692 468 923 514 pauperibus
943 469 1157 500 irascuntur
1176 467 1247 499 divi
1267 468 1322 500 ¹...

484 553 521 584 In
541 564 614 596 quo
635 552 761 585 mundi
784 552 944 590 climate,
969 551 1117 596 subquo
1140 551 1265 583 mundi
1289 551 1396 591 signo

485 609 552 642 Est
573 608 690 641 abbas
709 609 765 641 vel
781 608 946 653 pontifex
965 611 1117 652 pectore
1139 606 1328 650 benigno?

484 665 630 707 Dignus
654 664 797 697 Christi
817 663 973 709 nuptiis,
999 664 1135 706 (lignus
1154 663 1249 696 vitae
1268 660 1398 706 ligno?

487 721 585 754 Rara
603 721 680 753 avis
703 721 737 752 in
761 721 874 753 terris
898 721 1082 764 nigroque
1106 719 1297 751 simillima
1319 719 1475 763 cygno?

288 823 487 880 Denique
518 822 560 862 in
584 822 667 862 alio
691 821 787 862 loeo
816 821 869 861 de
897 821 1052 862 ultimo
1071 819 1239 877 judicio
1269 820 1332 860 sie
1360 819 1555 876 loquitur
1585 836 1593 859 :

490 930 583 962 Cum
599 933 817 973 perventum
840 928 953 961 fuerit
971 928 1014 960 ad
1034 939 1185 960 examen
1207 927 1298 965 veri,

491 985 585 1017 Ante
607 984 781 1017 thronum
805 983 988 1016 stabimus
1007 983 1147 1027 judicis
1167 983 1301 1021 severi,

494 1041 575 1073 Non
597 1040 668 1073 erit
684 1040 877 1072 distinctio
898 1039 983 1072 laici
1006 1039 1062 1072 vel
1085 1038 1188 1078 cleri,

495 1096 607 1129 Nulla
628 1108 694 1129 nos
711 1096 881 1140 exceptio
903 1096 1042 1140 poterit
1064 1095 1242 1132 lueri;....

498 1180 685 1221 Cogitate,
705 1179 852 1217 divites,
878 1179 939 1223 qni
964 1178 1021 1211 vel
1043 1178 1173 1223 quales
1195 1179 1301 1215 estis,

499 1236 599 1276 Quid
622 1236 657 1268 in
677 1235 745 1268 hoe
762 1235 907 1278 jndicio
930 1234 1051 1267 facere
1074 1234 1255 1279 potestis!

500 1293 601 1325 Tunc
624 1304 695 1324 non
715 1292 787 1325 erit
809 1291 946 1336 aliquis
962 1291 1068 1324 loeus
1087 1290 1145 1323 hie
1168 1291 1341 1334 digestiS‚

503 1349 604 1381 Idem
627 1348 698 1380 erit
719 1348 821 1380 Deus
842 1347 900 1380 hie
919 1348 1047 1392 judex,
1066 1354 1208 1387 auctor,
1234 1348 1343 1380 testis
1355 1354 1380 1378 ⁸.

304 1452 448 1504 Quum
500 1450 571 1493 W.
618 1449 838 1505 Mappius‚
889 1464 1057 1489 morum
1105 1447 1383 1504 praedicator
1432 1427 1631 1516 impetu}
1666 1449 1732 1489 sui

249 1528 405 1570 affeetu
460 1526 671 1574 aufertur,
727 1526 1051 1581 praetermissis
1100 1534 1203 1566 tunc
1252 1525 1578 1582 grammaticae,
1622 1517 1733 1566 >{rtis

250 1606 454 1646 metricae
484 1612 525 1644 et
554 1603 799 1643 rhetoricae
828 1602 1176 1659 impedimentis,
1199 1602 1440 1643 versiculos
1468 1601 1558 1643 edit
1580 1602 1734 1659 plenos

251 1691 292 1723 et
329 1681 492 1738 optime
528 1687 742 1720 tornatos.
784 1679 902 1720 Idem
944 1679 1177 1738 contingit,
1221 1695 1355 1736 quum
1383 1679 1561 1737 ingenio
1598 1679 1737 1721 faceto

253 1758 504 1817 indulgens,
537 1757 590 1798 de
619 1757 765 1813 seipso
795 1755 1030 1797 subridens
1060 1756 1215 1797 scribit
1240 1773 1247 1796 :

517 1869 659 1902 Similis
677 1881 759 1901 sum
781 1867 871 1901 folio
888 1868 932 1900 de
954 1880 1028 1914 quo
1044 1868 1173 1901 ludum
1198 1868 1296 1902 venti
1312 1882 1317 1905 ;

517 1925 612 1958 Cum
634 1925 729 1958 euim
753 1925 801 1958 sit
822 1925 1020 1970 proprium
1040 1925 1120 1958 viro
1143 1925 1303 1970 sapienti

519 1983 641 2026 Supra
663 1988 807 2027 petram
829 1993 968 2025 ponere
992 1982 1119 2014 sedem
1143 1982 1387 2021 fundamenti,

522 2038 667 2071 Stultus
690 2049 759 2082 ego
781 2049 980 2082 comparor
1003 2037 1113 2071 fluvio
1136 2037 1288 2077 labenti,

522 2093 599 2127 Sub
622 2094 752 2127 eodem
771 2106 855 2127 aere
877 2106 1065 2138 nunquam
1082 2095 1313 2138 permanenti
1330 2096 1356 2128 ⁴.

324 2198 554 2238 Praeterea
578 2195 764 2255 paginae
788 2195 861 2236 ubi
887 2195 1118 2252 quamdam
1142 2195 1286 2236 inesse
1315 2195 1398 2236 sibi
1423 2195 1476 2236 ad
1497 2197 1597 2236 vina
1623 2211 1751 2256 gene·

267 2290 365 2315 rosa
389 2273 736 2320 inclinationem,
764 2288 896 2329 seque
926 2288 1012 2312 non
1043 2273 1136 2313 sine
1167 2272 1455 2314 admiratione
1479 2273 1522 2313 in
1554 2282 1750 2314 contem-

268 2351 460 2408 platione
508 2349 818 2390 femininorum
864 2349 1060 2390 vultuum
1105 2349 1344 2397 immorari,
1395 2349 1510 2400 illae,
1555 2349 1750 2407 inquam,

271 2428 456 2485 paginae
494 2435 610 2467 certe
655 2426 769 2467 inter
806 2426 993 2482 optimas
1040 2427 1229 2467 auctoris
1274 2427 1414 2467 nostri
1448 2435 1549 2468 sunt
1579 2443 1755 2468 enume-

274 2504 435 2545 randae
452 2506 479 2544 ⁵.

337 2581 424 2623 Sed
452 2580 523 2621 ille
559 2579 602 2620 in
626 2580 821 2620 moribus
850 2579 1138 2621 reformandis
1167 2580 1302 2632 calor,
1335 2580 1407 2621 illa
1438 2581 1481 2621 in
1511 2580 1678 2622 facetiis
1699 2581 1762 2622 vis

323 2697 352 2727 1.
376 2696 412 2727 Ρ.
435 2696 505 2731 154,
527 2705 559 2724 V.
583 2695 634 2725 41.

322 2745 351 2773 2.
373 2745 406 2774 P.
426 2743 496 2780 155,
521 2753 556 2774 V.
576 2743 624 2772 75.

325 2792 354 2821 3.
374 2791 411 2820 P.
431 2792 481 2821 53.

326 2840 357 2869 4.
375 2841 548 2874 Poemata,
572 2848 606 2877 p.
630 2837 679 2866 71.

325 2888 354 2917 5.
381 2885 481 2923 mid„
502 2896 535 2925 p.
559 2886 609 2921 20,
626 2885 676 2920 30,
700 2885 751 2918 40,
772 2885 821 2914 60.
