1873 3329
4 95 15 111 0

343 345 393 371 DE
429 344 593 370 nomme
627 344 676 369 Ac
714 344 763 369 DE
797 345 963 369 Vininus
996 344 1293 370 cocl'rA'rIONis
1522 345 1558 372 ’.17

126 430 432 488 Responderat
456 429 558 470 olim
583 429 823 472 walterius
850 429 1121 486 colloquenti
1149 431 1338 471 llenrico
1364 432 1557 473 secundo

68 517 185 550 recte
210 523 254 549 se
283 516 322 547 et
354 508 471 562 juste
506 506 559 546 de
594 507 799 547 omnibus
829 506 1081 547 hominibus
1115 506 1331 563 judicare,
1365 511 1559 566 exceptis

65 584 241 626 Judaeis
262 600 309 624 ac
328 582 722 626 Cistcreiensibus:
748 599 889 639 neque
914 583 1029 623 enim
1049 585 1278 639 jurejustc¹
1298 585 1556 639 judicasset,

67 670 112 703 ut
139 661 298 707 aiebat,
329 660 382 700 d«-
412 661 478 700 his
508 675 618 716 quos
647 659 825 700 avaritia
865 675 938 700 sua
976 675 1028 699 ne
1058 659 1200 703 alieno
1230 661 1405 717 quidem
1442 663 1558 703 bono

65 738 286 779 abstinere
324 745 569 793 pateretur,
603 752 802 792 quosque
843 752 916 777 sua
963 737 1143 777 ambitio
1186 737 1354 778 nullum
1391 738 1558 780 facinus

65 814 290 872 deprecari
310 814 489 855 sineret.
508 813 662 853 Dictus
683 821 776 853 erat
798 812 1045 869 amplexum
1069 829 1165 854 csse
1188 814 1379 871 priorem
1405 832 1557 872 quem-

66 891 163 933 dam
182 890 540 932 Cisterciensium
560 889 745 938 ordinis,
763 889 880 946 quod
900 890 1014 946 regis
1033 891 1280 946 praesentia
1305 892 1559 950 indictoque

66 968 150 1009 sibi
173 969 225 1009 ab
248 967 401 1009 eodem
427 965 642 1009 W⁷alterio
665 966 845 1023 Mappio
869 967 1070 1018 crimine,
1097 968 1377 1024 perterritus,
1403 986 1490 1010 non
1516 971 1556 1011 iu

65 1045 333 1086 contrarium
362 1043 587 1101 disputare
611 1052 727 1084 esset
754 1059 899 1092 auSuS‚
927 1044 1004 1084 sed
1037 1044 1191 1085 timide
1225 1046 1428 1104 ambigua
1452 1047 1558 1088 haec

63 1122 194 1164 verba
218 1121 437 1163 emisisset
468 1137 475 1160 :
509 1138 529 1157 «
569 1120 616 1162 Si
646 1128 784 1161 totum
815 1120 1015 1161 ordinem
1052 1129 1096 1162 et
1125 1123 1361 1163 monachos
1385 1123 1555 1164 ordinis

64 1199 181 1240 intus
209 1207 251 1240 et
279 1198 322 1239 in
351 1206 449 1238 cute
479 1196 609 1254 plene
644 1197 852 1245 novisset,
886 1197 1022 1238 multo
1052 1198 1235 1239 minoris
1264 1199 1381 1256 apud
1412 1201 1556 1257 ipsum

63 1276 194 1333 pretii
213 1275 343 1333 longe
367 1274 550 1315 minoris
573 1274 819 1333 dignitatis,
846 1274 1010 1331 absque
1040 1274 1175 1316 dubio
1199 1275 1343 1317 forent
1367 1294 1404 1317 ».
1438 1277 1557 1318 idem

64 1352 136 1394 ille
165 1352 355 1409 denique
376 1350 617 1395 NValterius
646 1352 868 1408 Mappius,
893 1367 991 1392 cum
1021 1351 1126 1392 olim
1160 1354 1399 1394 monasteri
1426 1355 1557 1395 vicini

64 1429 257 1487 priorem
308 1430 398 1486 jam
451 1427 505 1469 ad
540 1437 723 1469 mortem
771 1428 979 1470 accedere
1028 1438 1311 1486 cognoverat,
1370 1432 1412 1471 in
1461 1447 1556 1472 eum

65 1507 268 1554 irruerat,
318 1505 689 1562 vehementerque
736 1514 949 1562 torquens
996 1521 1095 1547 eum
1141 1505 1366 1565 flagitabat
1412 1524 1557 1550 nonne

62 1583 193 1625 vellet
231 1582 453 1624 maledicti
492 1583 624 1640 hujus
665 1582 835 1623 ordinis
879 1583 1069 1641 insignia
1106 1600 1128 1624 a
1166 1600 1211 1624 se
1251 1585 1468 1642 projicere
1510 1602 1557 1627 ac

63 1661 166 1702 vitia
208 1675 448 1718 agnoscere
496 1667 538 1700 ct
590 1658 808 1710 confiteri,
854 1659 1112 1717 priusquam
1155 1662 1243 1717 jam
1283 1662 1393 1702 nihil
1443 1663 1555 1703 vitae

63 1738 356 1795 superesset'.
398 1762 456 1768 —-
495 1737 592 1777 Non
638 1744 803 1777 tantam
850 1737 1108 1778 inimicitiae
1154 1738 1238 1778 vim
1282 1738 1386 1779 satis
1440 1739 1555 1780 clare

62 1814 334 1873 explicarent
356 1814 601 1855 simultates
631 1813 844 1870 quaedam
870 1814 1064 1870 privatae
1093 1830 1204 1871 quae
1233 1815 1349 1857 inter
1379 1832 1556 1858 monas-

61 1893 219 1934 terium
253 1890 475 1948 quoddam
511 1890 874 1932 Cisterciensium
902 1891 1387 1949 XVestburensemque²
1415 1893 1555 1934 eccle-

61 1970 168 2011 siam
190 1976 310 2010 ortae
327 1975 466 2009 erant.
485 1968 574 2008 Nec
591 1969 690 2024 jure
713 1966 879 2008 diceret
903 1967 1060 2024 aliquis
1084 1968 1195 2009 nihil
1213 1968 1331 2010 aliud
1352 1986 1397 2010 se
1420 1970 1463 2010 in
1486 1971 1555 2012 his

62 2045 359 2087 simultatibus
398 2044 544 2085 videre
575 2043 686 2085 velle
721 2043 806 2085 nisi
846 2043 1055 2085 clericum
1079 2045 1311 2103 quemdam
1339 2047 1554 2089 beneficia

62 2138 138 2164 sua
177 2130 422 2164 servantem
453 2137 500 2162 ac
528 2129 724 2162 tuentem
761 2137 770 2161 :
806 2121 912 2162 haec
953 2121 1069 2162 enim
1101 2121 1166 2163 ira
1208 2123 1450 2165 Christiani
1490 2134 1555 2166 est

63 2200 137 2258 qui
160 2199 290 2241 fidem
319 2215 440 2240 suam
474 2206 671 2239 vexatam
704 2197 928 2254 deploret;
964 2199 1095 2240 etiam
1127 2198 1439 2242 litteratissimi
1473 2202 1553 2243 viri

63 2286 143 2326 est,
186 2278 309 2333 cujus
357 2283 610 2316 contemnat
658 2274 817 2332 aliquis
859 2274 1182 2332 (lisciIJIinan1³.
1233 2277 1552 2320 Cistereienses

62 2355 178 2396 enim
211 2352 451 2397 Walterius
481 2351 686 2408 Mappius
723 2360 913 2403 accusat,
952 2352 1068 2409 quod
1104 2353 1423 2395 christianismi
1462 2356 1553 2412 pri-

64 2430 228 2473 mordia
269 2429 586 2470 obliviscantur
621 2444 701 2470 nec
746 2427 969 2486 gaudeant
1014 2430 1221 2486 precibus
1277 2447 1324 2472 ae
1369 2431 1554 2473 medita-

60 2507 272 2558 tionibus,
309 2505 385 2547 sed
419 2531 475 2537 --
505 2504 624 2562 quod
658 2504 834 2562 longius
877 2520 899 2546 a
945 2506 1038 2547 Deo
1073 2515 1139 2548 est
1175 2532 1232 2538 —
1267 2509 1547 2549 commercio.

101 2661 130 2693 1.
151 2661 192 2698 Q.
211 2658 393 2692 Giraldum
418 2657 527 2694 Cam.‚
552 2668 609 2697 op.
631 2657 688 2687 cit.
711 2675 752 2680 —-
780 2657 875 2693 Quae
902 2668 922 2687 a
946 2656 1089 2689 Giraldo
1108 2663 1188 2689 sunt
1215 2664 1371 2697 narrata,
1391 2661 1495 2690 etiam
1521 2660 1555 2690 in

56 2707 212 2739 Walterii
232 2705 365 2748 Mappii
387 2709 588 2746 poematum
605 2704 755 2735 editione
773 2704 945 2736 invenias.

99 2757 130 2788 2.
148 2754 281 2787 Girald.
302 2753 435 2787 Camb.,
459 2762 517 2793 op.
535 2751 593 2782 cit.

98 2804 127 2834 3.
151 2802 312 2833 Declarat
342 2799 530 2830 Walterius
556 2798 591 2828 in
617 2798 707 2829 libro
739 2809 799 2829 suo
830 2801 875 2829 De
898 2799 1005 2842 Nugis
1033 2811 1068 2831 se
1097 2812 1162 2831 non
1188 2801 1336 2842 injurias
1374 2801 1553 2833 vitavisse.

60 2850 229 2882 Libellum
253 2848 451 2890 quemdam,
475 2846 509 2876 in
527 2845 731 2875 Walterium
753 2856 772 2876 a
791 2846 997 2877 Bothewald
1013 2848 1161 2888 quodam
1188 2849 1368 2889 scriptum,
1396 2849 1554 2879 invenias

62 2897 97 2928 in
110 2895 266 2928 Walterii
281 2899 480 2936 poematum
500 2892 662 2923 editione.
