1842 3288
232 318 290 348 106
726 321 775 345 DE
810 320 1033 345 WALTERIO
1069 320 1224 345 MAPPIO

231 409 360 452 vivat,
387 407 461 447 sed
485 423 536 447 ex
560 407 690 447 rebus
715 414 891 462 oportet
907 406 1167 446 extrinsecis
1194 405 1461 445 intrinsecus
1482 404 1721 453 aedificari,

231 502 307 542 per
345 486 451 525 haec
487 500 606 531 sane,
640 483 739 539 quia
775 482 894 522 caeci
930 499 1077 523 sumus
1121 483 1173 523 ad
1203 481 1388 522 sutura&
1423 499 1442 520 >›
1478 483 1531 522 Et
1567 480 1679 521 infra
1717 498 1723 521 :

234 581 252 600 «
302 563 499 608 Arctam,
556 570 602 600 ut
646 559 730 609 ais,
780 560 860 599 tibi
909 559 1060 616 inssigo
1108 558 1282 599 vivendi
1335 558 1547 615 regulam.
1600 560 1720 600 Esto.

231 639 360 679 Areia
398 638 512 678 enim
552 645 617 677 cst
656 637 720 676 via
769 652 877 692 quae
911 636 1031 676 ducit
1075 636 1128 676 ad
1171 636 1319 686 vitam,
1355 650 1433 675 nec
1469 643 1534 675 est
1572 635 1726 675 semita

234 713 361 769 plana
391 728 471 769 qua
506 712 591 752 itur
623 710 675 750 ad
707 710 864 770 gaudia
890 710 1042 767 plena:
1075 710 1207 750 immo
1243 709 1372 749 etiam
1402 708 1455 749 ad
1488 708 1723 749 mediocria

234 806 311 847 per
351 789 545 830 salebras
586 788 849 829 evadimus?
894 806 914 826 »
957 788 1026 827 Fit
1064 787 1192 827 ctiam
1236 803 1332 827 cum
1376 784 1601 826 subrideat
1643 786 1726 826 etsi

235 867 441 925 gravibus
476 865 620 906 verbis
654 873 816 914 utatur,
853 880 931 905 nec
967 864 1098 921 longe
1127 864 1305 904 tristitia
1341 862 1470 903 absit.
1507 862 1648 911 Nunc,
1681 871 1727 902 ut

237 944 310 1000 qui
356 943 545 1001 publicis
598 943 728 983 rebus
770 941 1020 998 implicatus
1064 941 1135 990 sit,
1181 940 1398 998 intellegit
1445 939 1529 980 sibi
1572 938 1730 980 melius

237 1036 348 1071 esse,
381 1021 413 1060 si
451 1035 538 1060 non
580 1019 715 1060 nimia
744 1018 1021 1076 aegritudine
1061 1017 1339 1073 publicorum
1374 1017 1568 1057 virorum
1606 1031 1729 1056 men-

238 1097 361 1138 dacia
384 1096 553 1154 judicet
586 1113 592 1136 :
627 1114 647 1135 «
680 1097 788 1137 Cum
813 1095 929 1135 enim
953 1094 1221 1152 paucissimi,
1255 1094 1328 1144 ait,
1357 1096 1506 1150 juvare
1537 1092 1727 1149 possint,

239 1174 379 1231 quivis
414 1190 573 1214 nocere
607 1181 769 1230 potest,
807 1172 891 1213 nisi
927 1171 1139 1229 placatam
1175 1172 1371 1211 habuero
1401 1170 1520 1211 solus
1556 1169 1732 1210 univcr-

239 1253 429 1302 sitatem,
470 1251 579 1291 nihil
618 1266 736 1299 sum;
769 1250 804 1290 si
838 1249 1058 1290 virtuosus
1093 1263 1376 1305 praecessere
1407 1255 1454 1288 ut
1489 1246 1587 1287 fiam
1617 1246 1729 1287 invi-

239 1328 413 1376 diosus,
470 1328 579 1368 clam
633 1327 893 1377 detrahent,
950 1335 989 1366 et
1040 1325 1295 1366 defensores
1350 1340 1467 1365 meos
1523 1323 1732 1380 deceptos

240 1405 499 1462 apparentia
539 1405 707 1454 dicunt,
753 1405 787 1444 si
821 1403 979 1460 placet.
1024 1403 1209 1442 Fatuum
1241 1401 1443 1458 judicant
1482 1399 1730 1457 pacificum,

241 1482 439 1523 desidem
476 1482 674 1530 tacitum,
709 1496 898 1537 nequam
941 1481 1052 1520 bene
1089 1478 1359 1535 loquentem,
1391 1477 1575 1518 nimium
1608 1476 1734 1518 beni-

243 1576 377 1616 gnum
419 1558 707 1609 adulatorem,
745 1557 933 1598 nihilum
981 1555 1219 1598 sollicitum
1257 1554 1483 1612 cupidum,
1521 1553 1735 1611 pestilen-

250 1646 337 1677 tem
380 1636 526 1692 pium³
557 1653 601 1686 »3
643 1650 760 1676 nunc
796 1634 880 1675 sibi
921 1633 1014 1691 ipse
1052 1632 1214 1682 illudit,
1253 1632 1355 1672 dum
1399 1630 1603 1688 deplorat
1645 1646 1734 1671 non

244 1713 448 1770 aequales
482 1712 753 1754 intellexisse
789 1710 1007 1769 quidquid
1047 1726 1119 1751 eos
1154 1709 1313 1750 docere
1340 1708 1543 1749 voluerit.
1573 1726 1593 1748 «
1628 1708 1734 1748 Om-

244 1792 373 1832 nibus
402 1790 588 1831 saeculis
619 1806 693 1830 sua
725 1788 954 1846 displicuit
982 1787 1267 1835 modernitas,
1294 1795 1336 1827 et
1363 1785 1542 1843 quaevis
1566 1792 1682 1825 aetas
1713 1799 1736 1824 a

245 1868 384 1926 prima
425 1868 707 1924 praeteritam
743 1866 829 1907 sibi
861 1865 1072 1922 praetulit
1111 1864 1281 1905 unde...
1327 1862 1559 1921 epistolam
1596 1877 1737 1903 meam

247 1962 340 1987 mea
368 1953 628 2003 spreverunt
660 1943 888 2000 tampora⁴
920 1960 963 1993 »3
992 1958 1108 1982 nunc
1137 1941 1267 1982 etiam
1297 1940 1413 1981 ridet
1441 1940 1544 1981 dum
1575 1938 1738 1997 gaudet

245 2022 402 2063 humili
422 2030 538 2063 tecto
566 2038 573 2061 :
601 2040 620 2059 «
647 2020 824 2061 Doloris
855 2018 1091 2076 aliquando
1123 2018 1321 2058 levamen
1350 2017 1581 2067 habemus,
1611 2015 1739 2056 laeti-

245 2100 349 2140 tiam
387 2099 630 2140 nescimus:
675 2097 954 2138 sublevamur
995 2095 1170 2146 solatio,
1210 2093 1372 2152 gaudio
1407 2109 1495 2134 non
1536 2093 1734 2133 beamur.

247 2176 458 2217 Ascendit
487 2184 630 2216 autem
660 2175 704 2215 in
733 2174 860 2214 nobis
890 2189 987 2214 cum
1022 2172 1187 2212 divitiis
1218 2186 1414 2221 moeror,
1447 2170 1550 2226 quia
1577 2177 1741 2226 quanto

249 2253 346 2310 quis
388 2254 526 2309 major
574 2261 654 2302 est,
703 2259 826 2291 tanto
874 2249 1028 2305 majori
1077 2256 1308 2305 quassatur
1355 2263 1456 2288 suae
1501 2245 1742 2287 voluntatis

250 2330 458 2370 assultu?
488 2347 507 2367 »
552 2329 628 2369 His
670 2337 711 2369 et
745 2327 907 2368 talibus
947 2342 969 2367 a
1010 2325 1145 2367 nimia
1184 2324 1414 2366 severitate
1453 2324 1625 2374 aberat3
1659 2337 1744 2379 qua

251 2422 380 2462 saepe
404 2406 645 2462 sapientiae
676 2403 876 2463 magistri
904 2403 1092 2444 lectores
1117 2401 1284 2461 fugant.
1319 2400 1486 2441 Gallica
1515 2399 1742 2441 concinni-

251 2491 336 2523 tate
363 2482 549 2540 quadam
573 2481 774 2522 celticam
803 2480 1095 2522 rusticitatem
1120 2478 1370 2519 refricabat.

310 2561 467 2601 Facete
504 2560 598 2616 ipse
628 2559 804 2600 dicebat
832 2557 886 2599 cle
916 2557 1098 2598 eremita
1133 2555 1339 2612 quodam,
1372 2554 1447 2612 qui
1479 2553 1671 2595 libenter
1700 2567 1747 2593 ac

294 2690 322 2719 1.
347 2691 393 2719 De
414 2689 532 2730 Nugis,
557 2699 592 2729 p.
614 2689 684 2718 138.

293 2737 322 2767 2.
342 2736 444 2773 Ιὸιίἰ.,
464 2748 499 2777 p.
519 2736 589 2766 ¹152.

294 2785 324 2813 3.
340 2783 441 2819 msa,
464 2794 499 2824 p.
519 2783 590 2814 18¹1.

293 2832 324 2860 Δ.
349 2830 451 2868 naid„
475 2842 508 2871 p.
535 2831 606 2861 153.

295 2880 325 2908 5.
345 2878 447 2917 Ibisl„
466 2889 500 2918 p.
522 2878 593 2908 181.
