1842 3288
249 359 288 388 86
739 364 790 388 1)ss
823 363 1046 388 WAL'rEnlo
1082 364 1236 389 MAvrio

250 457 370 489 tanto
394 448 679 504 perniciores,
706 448 834 489 Artes
851 449 965 489 enim
991 449 1126 507 gladii
1157 459 1257 490 sunt
1278 452 1540 507 potentium.
1564 470 1584 490 »
1608 476 1665 482 —
1686 452 1740 491 Et

246 528 332 580 jam
369 541 374 565 :
407 542 426 562 «
454 524 694 566 Redimunt
723 541 823 565 suos
853 542 874 565 a
903 525 1094 566 dominis
1124 528 1253 576 servi,
1285 527 1504 584 cupiditas
1535 529 1740 584 utrinque

252 601 408 641 militat
461 610 501 641 et
540 602 689 653 vincit,
732 618 829 642 cum
873 601 1052 643 libertas
1088 603 1304 644 libertatis
1342 603 1562 645 addicitur
1605 604 1736 644 hosti.

251 678 378 729 Quod
408 678 645 737 singularis
679 678 752 719 ille
783 679 1053 720 versificator
1082 680 1140 720 ait
1178 680 1400 736 praeclare
1430 681 1736 731 manifestans,

252 755 324 794 ubi
360 754 468 795 dicit
498 772 506 794 :

438 859 622 903 Asperius
646 859 739 891 nihil
758 866 814 892 est
838 859 983 897 humili,
1008 872 1089 892 cuni
1113 861 1235 901 surgit
1259 861 1292 892 in
1318 861 1447 900 altum,

936 943 1011 975 Nec
1033 942 1157 975 bellua
1181 943 1326 977 detrior
1351 943 1425 976 ulla

440 998 558 1037 Quam
583 999 682 1030 servi
703 998 829 1031 rabies
849 999 884 1031 in
905 999 1028 1032 libera
1047 1007 1153 1044 terga
1175 1001 1334 1033 furentis
1353 1002 1376 1034 ¹.
1405 1014 1419 1032 »

253 1108 368 1163 Ergo
404 1106 635 1148 Claudiani
670 1117 711 1148 et
740 1109 903 1149 Lucani
930 1125 1081 1149 versus
1110 1125 1130 1150 e
1164 1125 1292 1150 sensu
1327 1109 1563 1167 detorquet
1591 1117 1740 1150 auctor

253 1192 417 1235 noster,
445 1193 493 1224 ut
515 1200 632 1225 arma
663 1185 769 1226 fiant
801 1194 954 1226 contra
984 1202 1145 1226 servos.
1182 1187 1376 1227 Lacessit
1404 1187 1520 1228 enim
1553 1186 1742 1227 rusticos

252 1262 482 1317 presbyter
522 1262 611 1310 ille,
650 1263 933 1303 Cambrensis
968 1263 1156 1320 origine,
1199 1263 1393 1303 moribus
1430 1272 1472 1304 et
1505 1263 1741 1320 disciplina

252 1339 547 1389 Normannus,
582 1355 746 1396 eosque
777 1355 951 1396 semper
980 1341 1222 1380 contemnit
1250 1357 1296 1380 ac
1322 1340 1621 1396 prosequitur,
1655 1341 1743 1380 sive

253 1415 503 1456 civitatibus
545 1417 633 1457 suis
675 1417 877 1457 miseram
919 1417 1166 1457 libertatem
1207 1417 1469 1473 conquirere
1510 1425 1740 1467 conantur,

255 1493 342 1532 sive
380 1492 530 1533 liberis
561 1494 650 1534 suis
683 1493 930 1534 doctrinam
963 1493 1194 1550 quamdam
1224 1493 1491 1534 mediocrem
1522 1493 1744 1534 inculcare

254 1569 473 1610 studeant.
489 1571 584 1611 Non
600 1586 678 1611 nos
698 1571 902 1627 injuriam
926 1571 1038 1611 hanc
1061 1570 1337 1611 dissimulare
1359 1570 1642 1620 tentabimus,
1663 1571 1745 1611 etsi

254 1646 494 1689 W⁷alterius
525 1648 714 1688 barones
748 1648 966 1705 vituperat
995 1648 1113 1704 quod
1145 1647 1452 1688 communibus
1485 1665 1505 1687 ((
1531 1647 1651 1707 leges
1682 1648 1744 1688 eis

254 1722 425 1764 debitas
454 1732 495 1765 et
518 1724 744 1765 libertates
769 1742 789 1764 »
813 1724 1051 1783 denegent,
1078 1734 1119 1765 et
1141 1724 1344 1781 deplorat
1364 1724 1469 1766 alias
1499 1724 1744 1765 inimicitiis

255 1809 423 1840 certare
446 1817 594 1842 servos
623 1810 752 1859 atque
780 1802 952 1843 nobiles
982 1802 1096 1842 inter
1119 1817 1163 1842 se
1197 1818 1204 1841 ς
1231 1818 1251 1840 (<
1279 1801 1467 1854 Quidam
1496 1817 1641 1860 reges,
1667 1801 1742 1852 ait,

255 1878 419 1918 abactis
442 1879 593 1919 liberis
617 1879 898 1920 committunt
923 1887 1089 1920 secreta
1113 1879 1265 1928 servis,
1287 1879 1388 1935 quia
1411 1878 1574 1920 servire
1591 1878 1744 1919 volunt

253 1955 387 2005 vitiis,
419 1965 461 1996 et
480 1957 692 1997 virtutum
714 1956 889 2014 fugiunt
911 1956 1189 1997 libertatem²
1221 1974 1255 1996 ›>.
1287 1957 1401 1996 Haec
1429 1956 1574 1996 onmia
1602 1955 1747 2013 negli-

254 2048 357 2089 gere
386 2048 472 2073 non
501 2048 686 2089 aequum
710 2042 789 2083 est,
820 2042 862 2074 at
890 2042 1042 2074 contra
1063 2032 1190 2074 fateri
1218 2032 1481 2077 XValterium
1499 2033 1742 2089 Mappium,

255 2126 383 2166 quem
427 2110 470 2150 in
509 2111 666 2151 ceteris
707 2111 838 2151 rebus
881 2110 1212 2151 delicatioribus
1252 2109 1449 2150 moribus
1489 2125 1612 2150 usum
1652 2125 1746 2150 esse

255 2187 529 2244 agnovimus,
562 2187 745 2228 feodalis
779 2187 958 2228 baronis
1000 2187 1249 2244 superbiam
1282 2195 1412 2244 atque
1449 2187 1745 2243 arrogantiam

256 2280 343 2304 non
369 2265 605 2321 respuisse.

316 2343 370 2382 At
398 2342 636 2382 cavendum
665 2342 793 2383 nobis
822 2351 889 2383 est
917 2358 969 2383 ne
999 2342 1228 2382 obscurius
1262 2341 1508 2397 loquamur.
1535 2342 1641 2382 Nam
1666 2341 1747 2382 etsi

257 2419 397 2459 credit
423 2420 664 2462 NValterius
699 2435 761 2467 se,
793 2420 917 2476 quasi
939 2435 988 2459 ex
1017 2419 1193 2460 decreto
1221 2419 1317 2466 Dei,
1347 2418 1537 2459 nobilem
1563 2418 1747 2459 traxisse

257 2497 491 2555 originem,
518 2497 756 2538 arbitratur
788 2505 992 2554 oportere
1023 2497 1137 2537 inter
1166 2511 1313 2536 servos
1342 2511 1389 2535 ac
1420 2495 1592 2536 nobiles
1615 2496 1747 2536 inter-

256 2573 416 2614 vallum
444 2582 611 2615 certum
642 2590 689 2614 ac
718 2573 955 2631 diligenter
985 2581 1218 2623 servatum,
1251 2572 1471 2613 existimat
1498 2572 1747 2613 libertatem

260 2667 280 2689 ((
303 2651 611 2692 Communium
631 2668 650 2689 »
670 2666 947 2691 nummorum
966 2649 1212 2690 subsidium
1236 2648 1457 2706 quoddam
1475 2658 1546 2690 aut
1564 2664 1751 2707 regnan-

257 2728 364 2768 tium
389 2728 621 2769 artificium
650 2736 819 2769 tantum
842 2743 953 2778 esse,
980 2743 1154 2784 semper
1176 2726 1369 2783 denique
1392 2742 1437 2767 se
1457 2726 1574 2784 gerit
1595 2734 1748 2782 utpote

300 2859 329 2888 1.
352 2860 398 2888 De
421 2859 538 2899 Nugis,
562 2869 596 2899 p.
619 2860 648 2889 9.

301 2906 329 2935 2.
349 2906 450 2943 Ibid.‚
471 2918 505 2947 p.
532 2908 603 2938 206„
