1873 3329
361 330 410 354 1)Ιί
445 330 609 355 nomm!
644 331 692 356 Ac
730 331 779 356 ΗΕ
814 331 978 356 VlssanS
1013 332 1310 357 coGlTATloxis
1516 330 1573 358 lO‘J

85 425 186 457 runt
219 415 308 463 ulii,
343 415 419 455 sed
456 415 547 472 ipsa
583 432 626 455 se
667 416 856 456 derisam
896 416 1051 457 ‹l‹›l‹=11s
1088 417 1230 458 intulit
1280 435 1286 458 :
1327 439 1344 455 «
1387 420 1570 460 Domine

85 509 172 541 rex,
204 492 376 532 dimitte
413 492 518 532 mihi
541 491 776 533 vindictam
801 501 846 532 ut
876 509 1039 534 morem
1067 494 1104 533 ei
1135 511 1299 551 gei-em.
1331 496 1436 536 Nox-i
1467 497 1570 537 satis

82 585 163 627 qua
182 568 422 610 mulctandi
441 578 543 610 sunt
565 569 730 610 ultione
748 570 890 613 mimi:
912 578 999 610 tres
1017 571 1054 610 ei
1074 586 1277 626 quaeram
1300 573 1568 621 meretrices,

82 661 266 703 quarum
301 646 482 686 verbere
521 662 598 686 suo
640 662 758 686 more
787 646 1041 702 castigetur.
1079 665 1097 684 »
1132 648 1240 687 'l'um
1278 649 1521 689 (laleranus
1560 667 1566 689 :

83 742 103 763 «
142 723 344 770 Domina,
384 723 494 763 bene
528 722 772 779 persexisti,
808 739 905 763 nam
944 724 1026 763 nisi
1068 723 1178 765 duae
1209 725 1287 764 tibi
1327 725 1501 766 desunt.
1549 745 1568 765 »

81 800 325 842 Ludovicus
364 816 450 840 non
492 799 635 856 potuit
668 800 772 856 quin
805 800 1072 850 subrideret,
1111 817 1190 842 nec
1224 810 1366 842 tamen
1401 820 1421 843 a
1450 819 1570 844 seve-

81 878 207 918 ritate
236 877 466 926 abstinuit,
499 876 665 933 fuitque
699 877 944 918 Galeranus
975 878 1029 917 ol)
1060 879 1159 933 joca
1190 894 1263 919 sua
1296 879 1335 919 in
1368 879 1568 920 exsilium

80 954 250 1010 pulsus.

139 1032 235 1073 Non
264 1029 526 1073 walterium
549 1030 773 1088 Mappium
793 1032 891 1087 joca
918 1048 990 1072 sua
1018 1033 1058 1072 in
1089 1032 1289 1073 exsilium
1312 1033 1531 1074 immisere
1559 1051 1566 1074 ς

80 1107 205 1165 plura
233 1108 348 1148 enim
378 1116 421 1148 ct
449 1107 586 1165 magis
615 1107 730 1149 varia
761 1118 886 1149 erant
914 1125 1041 1166 quam
1072 1118 1118 1150 ut
1146 1118 1218 1150 aut
1243 1110 1324 1150 hoc
1358 1120 1430 1151 aut
1461 1110 1569 1152 illud

78 1193 164 1226 tam
194 1184 316 1243 gravi
345 1184 540 1242 praemio
569 1201 645 1225 rex
669 1184 842 1226 afficere
870 1194 1034 1242 posset.
1071 1187 1268 1239 Quorum
1299 1196 1399 1228 sunt
1433 1204 1567 1244 quae-

79 1261 177 1303 dam
209 1262 418 1311 innocua;
454 1261 566 1302 sales
593 1262 708 1302 enim
739 1271 841 1303 sunt
870 1278 948 1303 nec
973 1263 1160 1319 juvenili
1189 1272 1329 1305 aetate
1359 1265 1565 1324 indigna3

79 1338 292 1396 quaedam
321 1338 551 1380 subtiliora
575 1356 595 1380 a
619 1338 811 1380 litterato
832 1339 994 1381 elerico
1022 1341 1196 1381 inventa
1219 1357 1314 1383 esse
1337 1341 1564 1387 videntur:

79 1423 181 1456 sunt
221 1414 413 1473 denique
454 1415 587 1456 multa
625 1416 800 1472 quibus,
846 1425 891 1457 ut
931 1416 1131 1476 flagellis,
1167 1418 1347 1459 vitiosos
1388 1418 1569 1476 fustiget

77 1493 294 1534 homines.
329 1493 400 1534 Sic
429 1493 473 1533 in
505 1492 617 1533 libro
642 1493 707 1534 De
728 1494 868 1550 Nagis
894 1494 1134 1535 miscentur
1161 1503 1203 1536 et
1229 1495 1566 1537 honestissimae

77 1569 248 1611 fabulae
292 1585 402 1626 quae
447 1569 635 1610 militum
675 1569 969 1611 urbanitatem
1017 1572 1251 1620 retineant,
1296 1581 1337 1613 et
1383 1572 1566 1614 lascivae

77 1662 186 1704 quae
233 1647 474 1688 fableorum
525 1646 745 1688 licentiam
799 1657 1029 1704 usurpent,
1083 1648 1355 1706 feminasque
1404 1652 1566 1693 rustice

76 1723 322 1766 derideant.
375 1742 394 1763 «
444 1724 591 1765 Insani
628 1725 785 1781 capitis
826 1733 868 1766 et
907 1726 1164 1782 praecipitis
1206 1726 1339 1767 animi
1386 1726 1562 1778 femina,

76 1800 245 1843 illibata
272 1817 446 1859 semper
473 1801 697 1843 voluntate
729 1802 1013 1859 praecipuum
1043 1804 1283 1845 arbitratur
1312 1804 1428 1861 quod
1456 1805 1560 1856 vult,

77 1894 163 1919 non
195 1878 312 1936 quod
346 1878 544 1935 expedit3
576 1887 619 1920 et
653 1887 698 1920 ut
726 1895 830 1936 prae
862 1880 1066 1920 omnibus
1094 1880 1268 1937 placere
1298 1882 1433 1938 cupit,
1472 1881 1565 1939 pla-

75 1955 208 1996 citum
254 1971 379 1997 suum
432 1956 636 1996 omnibus
683 1955 907 2013 praeferre
959 1956 1156 1998 consulta
1206 1959 1311 1998 est¹.
1360 1976 1379 1997 >³
1422 1958 1561 2000 Etiam

75 2049 252 2074 severus
266 2032 338 2074 hic
361 2032 655 2089 philosophus
672 2033 929 2074 maritorum
947 2034 1194 2092 conjugalia
1216 2034 1326 2076 mala
1343 2034 1561 2092 deplorat.

74 2110 294 2169 Ingemuit
338 2125 452 2151 unus
497 2126 505 2150 ε
552 2127 572 2149 «
617 2109 684 2151 Ad
732 2125 943 2151 summam
992 2111 1243 2153 felicitatem
1298 2112 1408 2153 nihil
1458 2113 1565 2154 mihi

73 2185 263 2235 deesset,
289 2186 325 2227 si
355 2186 462 2228 mihi
491 2202 665 2244 semper
689 2203 796 2228 uxor
818 2187 1058 2229 defuisset2
1088 2206 1132 2239 ));
1158 2188 1371 2230 exclamat
1389 2189 1526 2230 alter³
1552 2207 1559 2230 :

75 2280 94 2301 «
120 2263 289 2315 Amice,
314 2264 516 2304 arborem
540 2263 681 2304 habeo
704 2264 748 2305 in
776 2264 905 2305 horto
934 2281 1030 2306 meo
1059 2264 1298 2316 infelicem,
1324 2265 1376 2307 de
1406 2282 1488 2324 qua
1518 2283 1562 2308 se

71 2339 211 2396 prima
240 2356 346 2381 uxor
382 2355 476 2381 mea
512 2340 745 2398 suspendit
773 2349 816 2382 et
843 2341 1125 2399 postmodum
1158 2343 1374 2393 secunda3
1408 2346 1561 2400 etjam

71 2431 187 2457 nunc
214 2416 360 2458 tertia.
394 2434 415 2456 »
446 2416 527 2458 Cui
549 2417 713 2458 amicus
740 2434 747 2457 :
781 2435 801 2456 «
827 2418 967 2459 Miror
999 2427 1036 2459 te
1065 2419 1107 2459 in
1127 2419 1261 2460 tantis
1285 2420 1560 2461 successibus

70 2491 282 2549 lacrymas
317 2492 538 2534 invenisse
576 2512 620 2544 ));
658 2502 749 2534 tum
788 2494 912 2535 addit
948 2511 957 2536 z
1000 2514 1020 2535 <c
1061 2496 1131 2537 Dii
1167 2496 1288 2545 boni,
1324 2505 1432 2554 quot
1470 2497 1559 2537 dis-

69 2569 229 2626 pendia
251 2569 333 2610 tibi
355 2569 487 2610 arbor
510 2569 583 2611 illa
608 2569 840 2628 suspendit
864 2588 909 2622 ));
937 2579 1160 2628 postremo
1183 2573 1398 2614 submissa
1424 2589 1528 2615 voce
1549 2590 1555 2613 :

71 2662 90 2683 «
119 2645 284 2694 Amice,
322 2645 376 2687 da
411 2647 518 2688 mihi
551 2647 605 2688 de
638 2649 793 2689 arbore
828 2648 901 2690 illa
934 2649 1148 2701 surcolos,
1186 2650 1304 2707 quod
1343 2667 1498 2692 seram.
1537 2669 1556 2690 »

110 2789 139 2819 1.
159 2791 205 2819 De
226 2789 344 2831 Nugis,
369 2801 403 2831 p.
427 2790 497 2820 150.

111 2837 140 2881 2.
160 2836 260 2875 ibid„
285 2847 320 2877 p.
342 2837 413 2868 147.

110 2884 140 2914 3.
163 2883 262 2921 lbid.‚
285 2895 319 2925 p.
346 2884 417 2914 148.
