1842 3288
324 223 343 252 2
819 228 870 253 DE
902 227 1126 254 WALTEnlo
1160 228 1318 254 ΜΑΡΡΙΟ

322 313 365 354 in
401 312 648 353 barbariem
683 311 897 368 relapsae,
927 312 1073 353 lumen
1102 312 1296 363 tandem,
1322 321 1365 353 et
1393 314 1427 353 si
1463 313 1610 372 fugax,
1643 321 1809 370 specta·

317 390 443 439 toris,
476 389 570 429 istis
605 389 710 430 sessi
740 389 1149 441 colluctationibus,
1182 405 1289 446 quas
1325 390 1564 430 auctoritas
1593 398 1810 447 temperat

318 465 456 515 nulla,
502 466 687 506 istorum
727 466 921 522 pertaesi
961 481 1149 518 morum,
1183 482 1292 524 quos
1335 465 1480 507 nullae
1515 467 1655 507 bonae
1693 475 1808 508 artes

320 542 547 591 mundant,
580 542 771 583 animum
801 551 986 584 recreat.
1017 543 1202 584 Saeculo
1229 549 1309 584 xu⁰
1329 542 1535 584 videntur
1556 543 1758 584 homines
1787 559 1809 584 e

318 634 470 659 somno
493 634 699 678 surge1·e;
724 619 936 660 hactenus
954 619 997 659 in
1018 619 1173 660 viculis
1199 620 1289 660 suis
1312 619 1496 667 conditi,
1522 628 1594 660 aut
1616 620 1808 661 aemula-

317 695 512 736 tionibus
547 694 728 752 privatis
757 696 1102 752 occupatissimi,
1140 705 1244 738 tune
1282 712 1437 754 magna
1477 704 1518 737 et
1555 696 1725 737 sciendi
1764 705 1806 738 et

319 772 797 829 negotiandicupidine
823 781 1178 826 commoventur3
1206 773 1431 815 renovatio
1457 773 1670 814 mentium
1692 773 1806 831 poli-

317 849 401 889 tica
425 849 554 890 simul
577 858 620 890 et
650 849 855 906 religiosa
878 850 984 890 istas
1010 851 1125 908 regit
1151 851 1430 892 turbulentas
1458 851 1671 901 civitates,
1696 859 1739 891 et
1761 851 1805 892 in

318 926 413 966 istis
436 925 638 967 candidis
659 926 816 967 animis
845 942 990 967 rerum
1019 927 1264 968 divinarum
1289 943 1464 968 sensum
1493 926 1713 968 emendat.

376 1004 496 1055 Quae
524 1011 668 1044 autem
701 1003 784 1044 ista
814 1004 1039 1045 renovatio
1074 1004 1215 1061 prima
1248 1004 1380 1046 suerit
1413 1003 1690 1061 perpendere
1718 1020 1805 1045 non

315 1080 435 1137 parvi
458 1080 668 1121 momenti
691 1088 773 1121 est.
799 1081 891 1122 Lux
910 1089 1082 1122 tantum
1111 1081 1323 1138 quaedam
1348 1081 1523 1141 fugiens
1552 1089 1634 1128 est,
1665 1096 1804 1138 appo-

314 1172 424 1197 nens
440 1158 715 1214 temporibus
738 1157 949 1199 historiae
977 1159 1209 1199 universae
1232 1158 1418 1199 maxime
1440 1157 1655 1199 luctuosis
1683 1174 1691 1198 :
1721 1174 1805 1199 non

313 1249 457 1275 mores
494 1234 737 1286 reformati,
774 1250 862 1275 non
900 1242 1071 1275 mentes
1104 1235 1444 1276 transformatae
1481 1243 1609 1285 sunt3
1646 1234 1805 1292 longus

312 1327 492 1352 somnus
515 1311 568 1352 ad
592 1312 723 1352 breve
753 1311 937 1362 solutus,
964 1319 1006 1352 et
1033 1312 1144 1352 nihil
1173 1311 1308 1353 aliud.

372 1388 512 1429 Gallia
553 1388 650 1429 fons
690 1388 771 1429 suit
806 1388 924 1430 illius
958 1389 1274 1437 renovationis,
1313 1404 1423 1445 quae
1458 1396 1642 1445 apparet
1676 1389 1801 1446 quasi

311 1465 507 1506 culturae
545 1465 806 1506 recentioris
843 1481 1024 1515 aurora3
1063 1465 1204 1507 Gallia
1244 1465 1371 1506 sedes
1406 1465 1488 1506 fuit
1522 1465 1641 1506 illius
1675 1465 1720 1506 in
1755 1481 1800 1506 re

310 1542 601 1601 negotiatoria
638 1541 940 1593 intellectuali,
976 1542 1182 1600 religiosa
1217 1550 1260 1583 et
1294 1541 1476 1599 politica
1509 1550 1675 1590 motus,
1714 1558 1801 1600 quo

309 1619 548 1676 insignitur
574 1619 794 1660 saeculum
816 1625 932 1659 xum.
955 1619 1077 1660 Tunc
1099 1619 1311 1676 temporis
1333 1619 1524 1676 primum
1540 1619 1681 1674 surgit
1702 1634 1801 1660 auc-

306 1697 461 1737 toritas
489 1696 579 1748 illa,
604 1711 689 1752 qua
717 1695 902 1752 pollebit
929 1696 973 1736 in
996 1695 1201 1736 universo
1229 1696 1352 1746 orbe,
1384 1695 1542 1737 Gallia.

365 1773 508 1814 Gallia
539 1772 636 1824 suit,
670 1781 852 1830 excepta
884 1781 1030 1814 tamen
1067 1772 1207 1824 Italia,
1243 1773 1386 1830 prima
1414 1773 1537 1830 regio
1571 1772 1648 1814 ubi
1678 1772 1798 1813 citis-

305 1851 413 1892 sime
436 1851 573 1891 crevit
596 1851 676 1891 sub
701 1850 832 1891 finem
855 1850 1018 1891 saeculi
1039 1849 1095 1890 xii
1124 1858 1386 1892 mercatura.
1412 1850 1608 1892 Fuerunt
1630 1858 1796 1891 mature

304 1929 346 1969 in
378 1927 520 1969 Gallia
547 1928 833 1969 mercatoriae
859 1927 952 1969 viae
981 1927 1184 1976 usitatae,
1215 1927 1394 1969 fuerunt
1423 1927 1467 1968 in
1496 1943 1544 1969 ea
1571 1927 1795 1968 nundinae

303 2005 516 2049 celebres,
551 2005 770 2062 Impulsus
801 2020 902 2046 acer
929 2005 1086 2062 agebat
1118 2013 1386 2045 mercatores
1423 2020 1501 2062 per
1527 2004 1792 2046 Rhodanum

302 2091 344 2123 et
373 2082 570 2133 Ararim3
602 2082 705 2123 inde
739 2082 782 2122 in
820 2081 970 2139 plures
1005 2090 1152 2139 partes
1180 2080 1436 2132 diffluebat3
1472 2097 1657 2140 quarum
1686 2097 1788 2131 una,

300 2175 379 2216 per
400 2159 648 2209 Mosellam,
667 2160 871 2200 Rhenum
895 2167 937 2200 et
962 2159 1120 2200 fretum
1145 2159 1493 2216 septentrionale
1520 2159 1787 2219 attingebat3

301 2245 513 2288 caeterae,
550 2252 628 2293 per
663 2237 849 2284 Mosam,
894 2236 1143 2293 Sequanam
1183 2244 1226 2277 et
1263 2251 1412 2277 amnes
1451 2234 1704 2285 influentes,
1745 2236 1788 2277 in

300 2313 582 2371 Campaniam
611 2321 653 2353 et
674 2328 849 2353 omnem
874 2312 987 2353 circa
1017 2313 1210 2354 Parisios
1232 2312 1478 2372 regionem,
1504 2313 1548 2354 in
1572 2314 1789 2355 Norman-

296 2391 429 2439 niam,
472 2389 723 2431 Flandriam
764 2397 806 2430 et
839 2405 978 2447 usque
1012 2389 1218 2448 Angliam
1261 2405 1429 2431 merces
1469 2389 1781 2446 importabant.

293 2468 471 2508 Duabus
496 2465 580 2506 illis
601 2466 683 2507 viis
713 2465 1003 2527 mercatoriis‚
1027 2467 1177 2507 Monte
1202 2466 1360 2508 Cinere
1389 2466 1560 2507 scilicet
1581 2475 1624 2507 et
1643 2466 1784 2508 Adula

287 2546 375 2600 jam
401 2544 535 2600 Alpes
563 2543 821 2593 intercisae3
846 2544 989 2584 tribus
1020 2544 1262 2600 majoribus
1290 2543 1370 2585 viis
1404 2560 1413 2584 ε
1446 2543 1639 2585 Parisios
1667 2544 1784 2584 inter
1840 2599 1842 2602 Α

291 2630 332 2680 et
360 2621 595 2662 Pictaviam
624 2619 996 2677 Burdigalamque
1019 2635 1119 2670 una,
1147 2620 1341 2662 Parisios
1363 2620 1480 2662 inter
1507 2628 1550 2662 et
1569 2599 1782 2688 Petroko-
1824 2603 1842 2697 l

289 2714 383 2756 rum
412 2697 703 2754 Tolosamque
733 2696 883 2747 altera,
910 2697 1040 2738 tertia
1062 2696 1254 2755 denique
1271 2698 1387 2740 inter
1401 2697 1596 2740 Parisios
1613 2706 1656 2740 et
1673 2697 1775 2739 Bitu

287 2776 422 2835 riges,
454 2775 629 2817 Clarum
656 2774 851 2816 Montem
872 2773 1164 2832 Aniciumque
1189 2777 1279 2831 jam
1303 2775 1446 2817 Gallia
1474 2775 1640 2818 sulcata
1661 2782 1771 2817 erat.
