1873 3329
516 317 565 342 ΠΕ
599 318 807 342 WAL‘ri-tnii
845 318 985 343 MAPPH
1024 319 1115 343 viTA
1520 319 1556 344 lif)

73 403 145 444 Sic
179 403 380 460 Mappius
413 419 419 442 :
461 424 479 441 «
520 402 714 455 Quadam
751 402 821 442 dic
857 402 952 442 laici
992 404 1327 459 przwvalucrunt
1357 416 1397 446 vt
1427 407 1555 446 clvi-i-

70 495 219 520 corum
261 480 473 536 plurimos
513 482 553 520 in
596 479 756 537 pugnis
797 488 838 519 et
884 480 1068 520 fustibus
1107 481 1212 521 dure
1252 483 1552 523 visitaverunt.

71 557 162 598 Rex
189 565 349 601 autom,
382 557 452 597 ubi
483 556 643 597 audivit
674 572 723 595 eo
760 556 919 596 suroris
949 565 1121 597 ventum
1161 575 1254 598 cssc
1288 568 1436 599 contra
1468 560 1554 599 ι·1ι·-

70 633 204 681 ricos,
255 632 396 673 locum
451 649 622 690 pugnae
671 633 819 672 invisit
861 651 905 680 »,
950 652 967 668 α
1015 635 1340 689 pauperrimum
1393 637 1550 676 invcuil

70 709 377 766 modicumque
400 725 582 766 puerum
608 709 648 749 in
672 725 807 766 cappa
840 709 982 767 nigra,
1008 726 1169 750 corona
1194 711 1344 754 fracta,
1377 711 1554 767 saugui-

68 786 296 827 nolentum
317 804 355 836 »‚
375 786 448 843 qui
475 786 771 843 interrogatus
789 802 834 826 se
859 804 877 824 «
905 802 925 826 a
951 786 1160 842 magistro
1183 788 1551 828 cubiculariorum

69 863 246 920 reginae
289 881 310 902 »
359 878 614 920 percussum
669 862 922 903 declaravit.
978 864 1086 903 'l'um
1138 864 1380 904 Ludovicus
1424 866 1555 919 jussit

66 938 331 980 homicidam
379 939 676 996 apprehendi,
723 940 791 979 cui
833 940 1060 980 brachium
1113 949 1380 995 amputatum
1442 943 1547 987 (κε-ι’,

61 1016 262 1072 ςῙυιιιῃνὶε
314 1017 430 1073 regis
483 1032 589 1056 uxor
633 1025 677 1056 ut
731 1016 792 1056 illi
847 1024 1101 1072 parceretur
1149 1017 1273 1056 enixe
1320 1017 1548 1073 deprecata

66 1101 196 1134 esset.
248 1094 310 1134 De
358 1093 453 1134 istis
497 1093 606 1133 duae
653 1093 830 1150 Mappio
873 1093 1059 1150 paginae
1098 1093 1336 1143 sufficiunt,
1375 1094 1549 1149 socpius

65 1178 210 1210 autem
235 1179 447 1210 memorat
475 1178 685 1227 quantum
715 1169 924 1210 Abelardi
956 1178 997 1210 et
1030 1169 1208 1210 Girardi
1244 1170 1419 1210 Puellae
1449 1170 1552 1210 doc-

64 1246 182 1287 trina
226 1248 410 1303 juvenes
457 1256 851 1287 commoverentur.
905 1246 1139 1287 Mirabitur
1192 1246 1337 1287 forsan
1391 1247 1547 1303 aliquis

65 1323 183 1380 quod
231 1323 301 1364 hic
341 1323 395 1364 de
443 1323 664 1364 Abelardo
715 1324 771 1364 sit
823 1339 984 1374 sermo,
1042 1340 1139 1364 cum
1191 1332 1388 1364 mortuus
1440 1333 1553 1363 essct

64 1416 180 1441 anno
207 1400 335 1451 1142,
365 1400 597 1442 duodecim
627 1409 725 1441 ante
754 1402 879 1441 annis
909 1417 1037 1457 quam
1068 1401 1260 1441 Parisios
1290 1401 1369 1440 iret
1395 1400 1552 1442 Walte-

64 1477 169 1519 rius.
218 1478 282 1518 De
330 1494 373 1519 re
421 1478 663 1519 certissima
705 1477 931 1534 disputare
973 1477 1092 1518 nullo
1139 1477 1268 1517 modo
1317 1477 1357 1516 in
1406 1486 1549 1517 mente

63 1554 290 1604 habemus,
324 1554 400 1596 sed
428 1555 623 1612 quamvis
653 1555 695 1595 in
728 1554 839 1595 colle
877 1553 1340 1596 Sanctae—Genovesae
1367 1554 1547 1611 grandis

61 1646 143 1672 vox
178 1631 329 1688 inclyti
352 1631 432 1673 viri
474 1632 614 1673 audiri
650 1632 871 1679 desiisset,
904 1631 1053 1689 plures
1089 1647 1216 1688 quam
1248 1630 1378 1671 hodie
1407 1646 1544 1670 annos

63 1707 220 1749 studiis
271 1707 549 1756 durantibus,
593 1709 700 1749 adeo
748 1709 790 1749 in
836 1709 992 1749 animis
1039 1709 1132 1764 ejus
1173 1708 1397 1754 memoria,
1441 1707 1548 1747 adeo

62 1784 103 1825 in
131 1784 294 1825 scholis
316 1785 475 1826 tradita
500 1786 552 1826 ab
579 1802 628 1826 eo
657 1785 889 1842 disciplina
918 1785 1093 1843 vigebat
1121 1793 1168 1824 ut
1196 1785 1355 1824 virtute
1379 1784 1431 1823 al)
1455 1785 1547 1839 ejus

61 1861 240 1919 ingenio
263 1862 481 1903 emananti
505 1862 746 1905 XValterius
768 1871 887 1903 totus
917 1862 1119 1918 perfusus
1144 1861 1289 1902 suerit.
1315 1862 1420 1901 Post
1447 1869 1544 1900 octo

61 1938 233 1979 saecula
285 1939 447 1979 eminet
494 1939 658 1987 adhuc,
715 1939 897 1979 aliarum
960 1937 1140 1978 minime
1203 1937 1382 1984 similis,
1431 1936 1544 1977 illius

61 2012 245 2071 effigies,
301 2014 345 2054 in
400 2030 483 2071 qua
528 2014 637 2054 nihil
693 2023 758 2054 est
811 2013 929 2072 quod
992 2021 1182 2054 attentos
1238 2013 1405 2053 animos
1458 2028 1540 2051 non

60 2089 255 2131 detineat
299 2107 307 2131 :
358 2091 563 2148 primum,
619 2091 798 2132 audacia
845 2090 1102 2148 philosophi
1143 2090 1234 2146 qui,
1283 2089 1543 2129 duodecimo

61 2166 250 2218 saeculo,
277 2168 521 2209 Cartesium
551 2168 704 2217 anteit,
725 2170 815 2224 jam
845 2183 1046 2208 asserens
1077 2166 1192 2207 nulla
1229 2165 1384 2206 melius
1414 2181 1540 2221 quam

60 2242 303 2285 dubitando
332 2246 500 2286 ratione
527 2244 580 2286 ad
602 2261 751 2286 verum
775 2260 904 2302 posse
928 2244 1148 2301 perveniri
1167 2244 1200 2293 '²3
1220 2242 1293 2299 qui
1316 2242 1540 2283 Platonem

60 2329 235 2362 revocat
277 2321 321 2362 in
368 2322 637 2372 memoriam,
681 2338 776 2363 cum
825 2322 1099 2362 demonstrat
1145 2319 1318 2375 singula
1365 2318 1540 2375 quidem

58 2406 226 2439 tantum
268 2414 313 2439 re
352 2407 520 2440 exstare
561 2408 603 2440 et
643 2414 738 2439 esse
775 2398 999 2439 materiam
1034 2397 1149 2437 unde
1193 2412 1314 2436 mens
1352 2396 1537 2435 humana

58 2475 203 2516 trahat
230 2475 506 2524 universalia,
542 2475 804 2517 universalia
838 2491 939 2516 vero
968 2474 1140 2530 concipi
1171 2488 1298 2530 posse
1334 2480 1534 2528 tanquam

58 2561 157 2593 ante
207 2567 297 2592 rem
349 2552 603 2602 existentia,
648 2561 778 2609 prout
830 2568 851 2592 a
899 2553 990 2592 Deo
1047 2558 1242 2591 creatore
1296 2547 1536 2603 excogitata

57 2629 198 2676 sint-“³3
247 2637 339 2670 turn
379 2630 614 2670 auctoritas
671 2629 871 2688 magistri
919 2628 993 2685 qui
1049 2635 1309 2683 postquam,
1365 2623 1538 2680 publice

98 2728 126 2759 1.
147 2730 194 2758 De
212 2727 329 2769 Nugis,
349 2727 542 2758 Ludovicus
570 2729 752 2769 septimus,
776 2728 888 2758 soluto
914 2726 1148 2761 matrimonio,
1176 2723 1426 2756 Constantiam.
1450 2721 1541 2761 regis

56 2775 273 2806 Castiliensis
291 2775 412 2814 filiam,
430 2775 464 2805 in
487 2776 746 2806 matrimonium
769 2776 924 2810 duxerat,
949 2784 1037 2804 anno
1058 2774 1149 2803 1154.

96 2823 126 2852 2.
149 2823 204 2853 Sic
224 2825 256 2852 et
275 2825 360 2852 Νυη.
384 2822 491 2859 Prot.‚
514 2833 548 2864 p.
569 2823 619 2853 17.
636 2823 725 2853 Edit.
751 2823 787 2853 E.
808 2822 843 2852 L.
867 2823 905 2852 T.
928 2821 1061 2855 IIunke,
1081 2820 1170 2850 1851.

97 2871 126 2900 3.
149 2869 327 2907 Βέιῃυεειῐ,
350 2870 393 2905 11,
416 2870 486 2900 119.
