1873 3329
521 334 572 359 1)ss
604 334 816 359 WALTEnu
853 334 997 359 MAPPH
1032 332 1129 358 ViTA
1528 328 1565 358 77

77 419 287 463 Cluvieno
313 435 378 459 me
410 427 667 476 comparent
696 427 867 476 poetae,
900 427 1017 460 creta
1046 427 1088 459 et
1118 418 1309 458 carbone
1338 434 1432 466 uso,
1459 418 1566 458 insi-

75 497 167 554 pito
195 504 237 537 et
267 495 429 537 idiotae
460 496 684 553 scriptori.
719 495 797 536 llic
827 511 908 552 ego
937 511 1031 536 sum
1055 504 1174 536 certe
1201 513 1240 543 »‚
1271 495 1328 535 ait
1356 510 1442 534 non
1473 494 1565 535 sine

75 573 262 631 quadani
296 572 603 630 indignatione
638 588 685 613 ac
721 572 944 628 superbia,
984 589 1004 610 «
1041 572 1142 612 dum
1181 571 1285 612 mihi
1316 571 1368 611 (lc
1404 571 1564 612 malitia

77 668 251 694 carmen
280 661 346 693 cst
383 652 574 693 carbone
607 651 784 708 quidem
815 660 858 692 et
891 660 1008 692 creta
1039 650 1237 708 dignum,
1271 651 1399 691 etiam
1430 650 1565 691 idiota

78 745 189 776 sum,
222 745 308 769 non
331 728 580 779 adinvenio,
611 744 698 768 non
722 727 891 768 adulor.
921 746 941 767 »

138 807 234 847 Non
269 815 414 846 tamen
449 805 566 846 solus
596 821 671 846 rex
706 805 909 848 walterii
942 805 1171 845 inimemor
1204 812 1333 861 atque
1368 804 1566 863 ingratus

80 892 161 933 est,
187 898 274 924 non
304 882 383 923 soli
413 881 580 923 inimici
611 881 813 922 monachi
843 880 1269 923 Cistercienses¹illi
1298 896 1406 937 quos
1429 881 1567 921 acutis

80 960 251 1018 sagittis
283 959 550 1000 laceraverat
583 975 591 998 ε
631 967 723 1000 erat
757 958 934 1015 quidam
976 958 1101 1015 quasi
1136 958 1342 1015 proprius
1375 958 1567 999 auctoris

79 1036 219 1077 nostri
247 1035 468 1085 inimicus,
495 1035 610 1076 filius
634 1035 812 1076 Henrici
836 1035 1035 1085 secundi,
1062 1050 1191 1092 quem
1220 1050 1295 1075 rex
1318 1034 1389 1075 ille
1420 1034 1567 1075 furtim

75 1129 100 1154 e
131 1113 293 1154 semina
321 1112 525 1169 quadam,
557 1128 579 1152 a
606 1111 824 1153 XValterio
860 1112 1075 1153 inurbane
1106 1129 1127 1150 «
1162 1111 1339 1168 publica
1379 1129 1399 1150 »
1434 1111 1565 1158 dicta,

75 1197 357 1246 conceperat.
389 1189 500 1230 Huic
521 1188 708 1230 feminae
733 1206 753 1228 «
782 1189 970 1229 Hikena'i'
999 1206 1018 1228 >›
1038 1191 1050 1211 ²
1081 1204 1239 1229 nomen
1269 1196 1375 1229 erat.
1410 1188 1569 1228 Henri-

74 1281 152 1308 cus
182 1274 325 1307 autem
354 1281 450 1307 cum
482 1265 558 1306 filii
587 1265 705 1306 illius
742 1265 939 1306 fortunas
973 1265 1205 1306 instituere
1240 1273 1437 1322 cuperet,
1471 1280 1568 1305 eum

78 1344 121 1384 in
154 1342 340 1384 ecclesia
375 1343 658 1384 Lincolnensi
695 1343 953 1399 episcopum
983 1342 1085 1383 fecit
1118 1356 1128 1384 ε
1168 1342 1281 1383 hanc
1308 1342 1569 1399 praesertim

77 1419 309 1461 ecclesiam
343 1420 547 1461 obtinere
594 1420 799 1476 cupiebat
835 1420 907 1462 W.
948 1419 1152 1477 Mappius
1202 1435 1211 1459 t
1255 1434 1361 1477 ergo
1403 1418 1570 1460 facetiis

82 1498 306 1538 insecutus
342 1505 408 1537 est
441 1497 697 1554 episcopum
734 1496 1002 1554 singularem
1032 1496 1153 1537 illum
1183 1496 1274 1554 qui,
1306 1495 1408 1536 dum
1442 1511 1570 1536 num-

82 1589 174 1614 mos
217 1573 335 1614 haud
384 1574 555 1633 ingrate
609 1574 845 1630 acciperet,
894 1589 983 1614 non
1032 1581 1193 1623 tamen,
1237 1573 1366 1614 etiam
1419 1573 1570 1629 objur-

78 1659 211 1708 gante
247 1651 382 1707 Papa,
417 1650 660 1691 sacerdotis
691 1666 849 1691 nomen
888 1650 1088 1707 accipere
1121 1650 1268 1691 vellet.
1302 1651 1410 1700 Nec,
1440 1650 1568 1690 etiam

76 1743 177 1768 cum
212 1728 356 1784 Papae
397 1727 528 1768 minis
575 1727 714 1768 victus
749 1727 979 1768 ecclesiam
1021 1743 1139 1768 suam
1176 1727 1401 1784 resignare
1443 1726 1571 1768 Geof-

79 1803 188 1845 srius
211 1805 456 1855 consensit,
481 1804 721 1847 walterius
751 1803 943 1845 ludibrio
972 1803 1200 1844 abstinuit.
1225 1803 1282 1844 At
1309 1819 1407 1844 cum
1436 1803 1570 1844 Geot-

79 1880 189 1922 srius
228 1880 458 1921 ecclesiam
498 1896 618 1922 suam
659 1898 679 1920 «
716 1880 831 1937 apud
861 1880 1186 1940 Mesleburgam
1216 1898 1237 1919 ³>
1283 1880 1568 1937 resignasset,

79 1973 188 1998 nova
229 1957 332 1998 inde
369 1959 469 2014 joca
506 1958 746 2001 XValterius
785 1957 946 1998 hausit.
994 1959 1099 1998 Erat
1143 1957 1274 2014 hujus
1314 1957 1436 1998 urbis
1474 1956 1571 1998 fons

80 2033 258 2092 quidam
299 2035 503 2075 omnibus
546 2043 676 2076 notus
721 2052 728 2075 :
761 2036 884 2091 cujus
920 2034 955 2075 si
989 2034 1087 2091 quis
1126 2050 1280 2091 aquam
1327 2042 1569 2091 potaverat,

80 2110 334 2152 abundabat
351 2113 444 2168 ejus
468 2127 611 2153 sermo
632 2112 748 2153 vitiis
773 2120 814 2153 et
836 2112 1062 2153 erroribus
1088 2128 1096 2152 :
1121 2111 1238 2152 unde
1261 2111 1426 2152 dictum
1452 2126 1572 2151 com-

82 2203 214 2229 mune
247 2197 340 2229 erat
378 2206 399 2228 ((
433 2188 555 2246 loqui
591 2189 807 2230 Gallicum
845 2188 1152 2246 Mesleburgae
1188 2206 1227 2229 )).
1269 2187 1426 2230 Paucis
1466 2203 1571 2245 ergo

71 2265 239 2319 diebus
281 2274 380 2322 post
419 2266 685 2323 resignatam
724 2283 745 2307 a
784 2265 981 2307 Geoffrio
1022 2265 1268 2315 ecclesiam,
1310 2264 1568 2311 XVasterius,

79 2357 178 2382 cum
214 2343 448 2384 interesset
473 2342 757 2400 loquentibus
782 2343 895 2384 inter
924 2332 970 2383 se
998 2351 1040 2383 et
1067 2341 1264 2384 Geoffrio
1293 2351 1335 2383 et
1362 2342 1572 2398 episcopo

77 2419 269 2468 cuidam,
296 2419 516 2461 intellexit
544 2436 619 2461 eos
654 2420 707 2461 de
739 2420 819 2461 hac
848 2420 1048 2461 cessione
1081 2419 1227 2476 loqui3
1259 2434 1393 2476 quare
1427 2427 1571 2460 atten-

77 2495 235 2537 tiorem
283 2497 477 2537 animum
526 2496 812 2554 loquentibus
857 2496 1070 2546 admovit;
1113 2511 1300 2553 cumque
1350 2494 1571 2536 Geoffrius

77 2573 284 2614 comitem
309 2573 605 2631 interrogaret
633 2590 641 2614 :
670 2590 690 2612 «
712 2573 829 2626 Quid
846 2573 1070 2630 loqueris?
1089 2599 1147 2603 —
1169 2572 1387 2614 Gallicum
1411 2571 1572 2613 Mesle-

79 2648 249 2708 burgae
278 2667 319 2701 2),
353 2650 413 2691 ait
442 2650 697 2694 walterius.
735 2651 891 2692 Paucis
926 2651 1083 2691 iterum
1115 2650 1359 2706 interjectis
1395 2648 1569 2699 diebus,

80 2726 345 2777 Walterius,
394 2742 492 2768 cum
530 2726 728 2769 Geoffrio
774 2727 1000 2769 decumam
1041 2727 1297 2784 impendere
1338 2727 1568 2774 abnueret,

123 2838 153 2868 1.
176 2838 309 2875 Horat„
329 2840 416 2875 Sat„
432 2838 475 2874 11,
495 2839 600 2877 352116.

123 2885 155 2916 2.
180 2885 218 2916 V.
243 2896 330 2926 quae
351 2885 470 2917 addita
491 2890 570 2917 sunt
586 2886 758 2930 carmina2
774 2886 987 2917 carminibus
1009 2885 1180 2917 walterio
1199 2883 1390 2915 attributis.
