1873 3329
508 289 556 314 1)Ιί
591 288 801 313 WALTERH
838 288 980 312 MAi‘i‘u
1016 288 1110 312 wTA
1518 281 1553 310 'is'

67 383 222 427 taulus,
238 375 510 418 conabimur.
529 389 579 414 ex
600 373 736 430 ipsius
755 388 887 429 opere
906 388 989 412 non
1011 388 1143 428 paura
1165 371 1419 414 mutuando,
1439 373 1553 427 regis·

68 451 242 492 llenrici
279 450 466 506 effigiem
511 451 550 490 in
588 465 753 490 sununa
789 448 1046 504 depingere.
1088 451 1294 489 Ceterum
1333 449 1373 488 in
1406 447 1553 487 inultis

65 542 138 567 rex
167 530 207 568 et
236 528 439 583 Mappius
473 526 699 567 maximam
730 525 951 564 habebant
986 524 1099 564 inter
1127 541 1172 563 se
1197 524 1551 569 similitudinem,

65 602 178 643 und(-
210 603 330 643 facito
359 603 622 660 intelligitur
649 618 725 642 rur
754 601 883 656 liujus
914 601 1082 641 fortuna
1115 610 1201 641 tam
1233 601 1318 641 rito
1347 601 1550 641 ereverit.

125 681 171 720 In
197 696 278 720 una
308 697 329 720 e
359 679 702 723 narrationibus,
729 678 781 718 <lv
815 678 975 734 quibus
1001 679 1042 718 in
1067 678 1209 734 eapite
1233 678 1435 734 sequenti
1461 677 1553 716 ‹lis--

67 756 300 797 se1·‹·11dum
330 757 428 803 erit,
468 756 652 796 facetum
689 754 985 810 spectaculum
1024 755 1151 795 nobis
1185 754 1421 796 NN'alterius
1456 762 1553 793 ante

68 833 218 874 ocutos
253 833 392 890 ponit,
425 841 466 873 rt
502 832 608 873 illud
649 832 826 889 quidem
868 832 1006 888 placet
1041 832 1266 877 exhibere,
1307 847 1403 871 cum
1441 832 1555 887 regis

68 910 238 950 indoles
268 919 462 950 naturam
488 910 713 966 sequentis
743 909 784 948 in
815 909 896 949 lioe
921 909 1085 964 optime
1109 908 1486 965 deprehendatur,
1514 917 1556 947 et

65 987 206 1044 qualis
235 987 365 1028 suerit
391 995 616 1043 appareat.
650 985 911 1026 Ostenditur
944 986 1157 1026 llenricus
1186 986 1406 1042 equitans,
1434 984 1552 1042 quod

65 1064 127 1105 illi
167 1079 253 1104 non
287 1063 420 1104 semel
459 1063 634 1111 accidit,
681 1079 758 1119 per
800 1064 945 1120 magni
984 1062 1157 1119 imperii
1201 1062 1469 1118 provincias,
1513 1070 1553 1102 et

66 1159 84 1178 α
119 1139 405 1198 praecedens,
431 1149 475 1180 nt
498 1140 534 1181 ei
560 1156 653 1180 inos
676 1149 757 1189 est,
782 1148 914 1180 totam
941 1139 1057 1179 illam
1084 1139 1343 1180 infinitatem
1368 1139 1552 1179 militum

66 1232 112 1258 ac
158 1217 416 1258 clericorum
464 1235 500 1256 ».
551 1216 789 1257 Reluctans
837 1225 988 1257 eontra
1033 1225 1227 1266 ventum,
1272 1216 1346 1273 qui
1384 1232 1430 1256 ea
1479 1215 1548 1256 (lie

65 1294 348 1335 vehementer
394 1293 627 1343 saeviebat,
679 1311 698 1332 «
747 1293 926 1334 verbum
977 1293 1162 1333 faciebat
1207 1310 1226 1331 ))
1275 1301 1419 1333 tamen
1461 1308 1556 1333 cum

71 1370 243 1412 duobus
277 1387 298 1411 e
340 1370 512 1411 clericis
554 1386 663 1427 quos
709 1371 750 1410 in
792 1370 1085 1411 contubernio
1126 1370 1332 1419 habebat,
1375 1370 1554 1426 Mappio

70 1447 238 1489 scilicet
260 1457 303 1489 et
331 1448 490 1489 Rerieo
519 1447 725 1504 quodam.
754 1448 865 1488 Ecce
895 1456 1036 1488 autem
1061 1447 1214 1487 obvius
1243 1446 1287 1487 fit
1318 1446 1412 1487 alba
1441 1454 1556 1487 veste

73 1525 313 1566 monachus
358 1525 432 1582 qui
471 1525 662 1566 vicinum
704 1523 964 1581 oppidulum
1004 1524 1196 1580 petebat,
1246 1531 1292 1564 ut
1333 1523 1556 1581 negotium

69 1601 249 1658 aliquod
271 1602 524 1642 conficeret.
547 1601 703 1643 Statim
727 1601 799 1641 ille
822 1601 888 1641 via
910 1600 1083 1641 decedit
1107 1600 1252 1659 regiae
1270 1600 1459 1650 cohorti,
1481 1599 1558 1640 sed

69 1677 238 1719 offenso
266 1678 378 1736 pede
417 1678 678 1736 impingitur
714 1678 755 1718 in
789 1677 996 1734 lapidem.
1035 1695 1054 1715 «
1087 1678 1181 1718 Non
1217 1677 1476 1734 portabatur
1504 1677 1556 1717 ab

67 1755 250 1814 Angelis
290 1764 410 1805 tunc,
447 1756 506 1796 ait
546 1763 762 1805 narrator,
807 1763 849 1795 et
889 1770 1034 1795 eoram
1080 1753 1268 1811 pedibus
1309 1755 1410 1811 equi
1449 1754 1557 1811 regii

59 1832 253 1882 -cor1·uit;
290 1841 445 1873 ventus
487 1840 629 1872 autem
664 1840 806 1872 vestes
848 1831 1024 1888 ejus.in
1062 1830 1223 1871 collum
1262 1830 1475 1888 propulit,
1514 1838 1560 1871 ut

67 1908 245 1950 Domini
286 1909 421 1967 Regis
469 1917 510 1949 et
554 1908 717 1959 Rerici,
762 1907 902 1948 oculis
950 1908 1115 1959 invitis,
1158 1907 1389 1948 manifesta
1432 1907 1559 1948 fieret

70 1986 227 2026 misera
265 1986 427 2027 veritas
467 1985 775 2043 pudendorum
819 2003 857 2025 )›.
905 1986 1000 2037 Quo
1040 1993 1224 2042 repente
1263 1985 1373 2034 viso,
1417 2000 1555 2042 equus

68 2061 365 2104 declinatione
404 2063 604 2120 corporis
646 2071 890 2103 monstrum
931 2061 1102 2120 effugit,
1148 2071 1190 2103 et
1224 2062 1317 2103 Rex
1353 2080 1371 2100 «
1418 2062 1560 2102 omnis

69 2139 249 2180 facetiae
306 2140 538 2181 thesaurus
600 2157 619 2178 »
680 2155 775 2180 cum
829 2139 1044 2180 cachinno
1108 2147 1435 2189 concuteretur,
1489 2139 1559 2179 vix

72 2215 281 2271 impetum
312 2215 425 2256 risus
458 2215 666 2256 inhibuit.
700 2215 883 2256 Rericus
918 2223 1079 2265 autem,
1111 2214 1330 2273 gaudente
1359 2215 1555 2272 Mappio,

71 2291 443 2334 Cisterciensibus
478 2293 795 2344 infensissimo,
829 2308 1100 2333 murmurare
1137 2308 1283 2333 seeum
1321 2308 1328 2331 :
1368 2310 1387 2330 «
1422 2291 1559 2332 Male-

69 2367 185 2408 dicta
213 2367 370 2426 religio
393 2384 502 2426 quae
525 2369 696 2410 develat
718 2368 869 2409 anum!
891 2370 899 2390 ¹
928 2386 947 2406 »

127 2445 174 2484 In
204 2444 283 2485 hac
313 2445 639 2486 narratiuncula
672 2445 868 2501 reperire
898 2453 963 2486 est
992 2445 1189 2502 insignes
1218 2453 1342 2485 notas
1366 2461 1493 2502 quae,
1524 2444 1560 2484 si

65 2519 168 2561 lieet
184 2521 365 2562 credere
387 2522 582 2579 Mappio‚
604 2522 837 2563 Ilenricum
863 2530 961 2562 ante
985 2521 1092 2562 alios
1116 2522 1401 2578 conspicuum
1427 2521 1558 2562 sacie-

67 2597 188 2646 bant,
208 2597 581 2640 scilicetardorem
599 2599 760 2656 equitis
777 2599 908 2640 rebus
926 2598 1110 2656 agendis
1129 2599 1235 2647 nati,
1253 2598 1431 2639 Domini
1455 2613 1558 2655 erga

67 2689 168 2715 suos
191 2674 558 2726 benevolentiam,
585 2676 1041 2733 salesAndegavensis
1065 2675 1250 2735 ingenii.
1271 2693 1290 2714 «
1318 2675 1555 2716 Mediocris

113 2839 142 2869 1.
163 2840 210 2869 De
234 2839 352 2880 Nugis,
376 2850 409 2879 p.
429 2840 534 2869 52-53.
