<?xml version="1.0" encoding="UTF-8"?>
<!DOCTYPE html PUBLIC "-//W3C//DTD XHTML 1.0 Transitional//EN"
    "http://www.w3.org/TR/xhtml1/DTD/xhtml1-transitional.dtd">
<html xmlns="http://www.w3.org/1999/xhtml" xml:lang="en" lang="en">
 <head>
  <title>
</title>
<meta http-equiv="Content-Type" content="text/html;charset=utf-8" />
  <meta name='ocr-system' content='tesseract 3.04.00' />
  <meta name='ocr-capabilities' content='ocr_page ocr_carea ocr_par ocr_line ocrx_word'/>
</head>
<body>
  <div class='ocr_page' id='page_1' title='image "./dewalteriomappio00barduoft_0163.png"; bbox 0 0 1873 3329; ppageno 0'>
   <div class='ocr_carea' id='block_1_1' title="bbox 340 284 1537 317">
    <p class='ocr_par' dir='ltr' id='par_1_1' title="bbox 340 284 1537 317">
     <span class='ocr_line' id='line_1_1' title="bbox 340 284 1537 317; baseline 0.004 -6"><span class='ocrx_word' id='word_1_1' title='bbox 340 284 640 311; x_wconf 62' lang='lat' dir='ltr'><strong>FABULOSMU&#39;M</strong></span> <span class='ocrx_word' id='word_1_2' title='bbox 678 284 980 311; x_wconf 69' lang='lat' dir='ltr'>NAnnA&#39;HONUM</span> <span class='ocrx_word' id='word_1_3' title='bbox 1018 286 1246 314; x_wconf 71' lang='lat' dir='ltr'>sciilpronfl</span> <span class='ocrx_word' id='word_1_4' title='bbox 1482 286 1537 317; x_wconf 70' lang='lat'>1&#39;17</span> 
     </span>
    </p>
   </div>
   <div class='ocr_carea' id='block_1_2' title="bbox 42 370 1540 2588">
    <p class='ocr_par' dir='ltr' id='par_1_2' title="bbox 45 370 1537 799">
     <span class='ocr_line' id='line_1_2' title="bbox 46 370 1532 431; baseline 0.001 -16"><span class='ocrx_word' id='word_1_5' title='bbox 46 374 127 416; x_wconf 86' lang='lat' dir='ltr'>sibi</span> <span class='ocrx_word' id='word_1_6' title='bbox 153 371 368 431; x_wconf 81' lang='lat' dir='ltr'>permittit</span> <span class='ocrx_word' id='word_1_7' title='bbox 390 370 581 415; x_wconf 75' lang='lat' dir='ltr'>licentia.</span> <span class='ocrx_word' id='word_1_8' title='bbox 614 371 718 410; x_wconf 66' lang='lat' dir='ltr'>han-‹-</span> <span class='ocrx_word' id='word_1_9' title='bbox 749 370 905 411; x_wconf 85' lang='lat' dir='ltr'>mirum</span> <span class='ocrx_word' id='word_1_10' title='bbox 935 371 977 412; x_wconf 83' lang='lat' dir='ltr'>in</span> <span class='ocrx_word' id='word_1_11' title='bbox 1004 372 1177 413; x_wconf 85' lang='lat' dir='ltr'>modum</span> <span class='ocrx_word' id='word_1_12' title='bbox 1209 374 1401 431; x_wconf 78' lang='lat' dir='ltr'>sapiunt.</span> <span class='ocrx_word' id='word_1_13' title='bbox 1429 378 1532 418; x_wconf 83' lang='lat' dir='ltr'>Tam</span> 
     </span>
     <span class='ocr_line' id='line_1_3' title="bbox 45 447 1534 503; baseline 0.001 -11"><span class='ocrx_word' id='word_1_14' title='bbox 45 449 262 492; x_wconf 87' lang='lat' dir='ltr'>laudando</span> <span class='ocrx_word' id='word_1_15' title='bbox 297 448 434 488; x_wconf 86' lang='lat' dir='ltr'>labori</span> <span class='ocrx_word' id='word_1_16' title='bbox 477 448 511 487; x_wconf 76' lang='lat' dir='ltr'>si</span> <span class='ocrx_word' id='word_1_17' title='bbox 547 456 584 487; x_wconf 81' lang='lat' dir='ltr'>et</span> <span class='ocrx_word' id='word_1_18' title='bbox 628 447 836 503; x_wconf 77' lang='lat' dir='ltr'>impetum</span> <span class='ocrx_word' id='word_1_19' title='bbox 875 447 915 487; x_wconf 88' lang='lat' dir='ltr'>in</span> <span class='ocrx_word' id='word_1_20' title='bbox 957 449 1176 490; x_wconf 83' lang='lat' dir='ltr'>narrando</span> <span class='ocrx_word' id='word_1_21' title='bbox 1211 460 1249 491; x_wconf 74' lang='lat' dir='ltr'>et</span> <span class='ocrx_word' id='word_1_22' title='bbox 1283 452 1323 492; x_wconf 88' lang='lat' dir='ltr'>in</span> <span class='ocrx_word' id='word_1_23' title='bbox 1354 453 1534 496; x_wconf 75' lang='lat' dir='ltr'>alternis</span> 
     </span>
     <span class='ocr_line' id='line_1_4' title="bbox 47 523 1534 585; baseline 0.001 -17"><span class='ocrx_word' id='word_1_24' title='bbox 47 527 322 568; x_wconf 76' lang='lat' dir='ltr'>sermonibus</span> <span class='ocrx_word' id='word_1_25' title='bbox 351 525 616 565; x_wconf 74' lang='lat' dir='ltr'>alacritatem</span> <span class='ocrx_word' id='word_1_26' title='bbox 645 523 884 570; x_wconf 73' lang='lat' dir='ltr'>addideris,</span> <span class='ocrx_word' id='word_1_27' title='bbox 918 524 998 564; x_wconf 88' lang='lat' dir='ltr'>hoc</span> <span class='ocrx_word' id='word_1_28' title='bbox 1022 525 1153 569; x_wconf 73' lang='lat' dir='ltr'>breve</span> <span class='ocrx_word' id='word_1_29' title='bbox 1176 543 1286 583; x_wconf 85' lang='lat' dir='ltr'>opus</span> <span class='ocrx_word' id='word_1_30' title='bbox 1312 528 1534 585; x_wconf 55' lang='lat' dir='ltr'>intelliges</span> 
     </span>
     <span class='ocr_line' id='line_1_5' title="bbox 47 600 1537 664; baseline 0.002 -19"><span class='ocrx_word' id='word_1_31' title='bbox 47 604 162 646; x_wconf 81' lang='lat' dir='ltr'>inter</span> <span class='ocrx_word' id='word_1_32' title='bbox 183 602 408 660; x_wconf 86' lang='lat' dir='ltr'>aptissima</span> <span class='ocrx_word' id='word_1_33' title='bbox 437 601 488 642; x_wconf 87' lang='lat' dir='ltr'>ad</span> <span class='ocrx_word' id='word_1_34' title='bbox 519 601 694 641; x_wconf 68' lang='lat' dir='ltr'>lectoris</span> <span class='ocrx_word' id='word_1_35' title='bbox 723 600 1060 641; x_wconf 71' lang='lat' dir='ltr'>delectationem</span> <span class='ocrx_word' id='word_1_36' title='bbox 1090 618 1202 659; x_wconf 86' lang='lat' dir='ltr'>quae</span> <span class='ocrx_word' id='word_1_37' title='bbox 1223 606 1337 663; x_wconf 87' lang='lat' dir='ltr'>apud</span> <span class='ocrx_word' id='word_1_38' title='bbox 1366 607 1537 664; x_wconf 65' lang='lat' dir='ltr'>Angli)-</span> 
     </span>
     <span class='ocr_line' id='line_1_6' title="bbox 46 677 1537 731; baseline 0.002 -9"><span class='ocrx_word' id='word_1_39' title='bbox 46 682 319 723; x_wconf 80' lang='lat' dir='ltr'>Normaunos</span> <span class='ocrx_word' id='word_1_40' title='bbox 366 677 626 719; x_wconf 81' lang='lat' dir='ltr'>duodecimo</span> <span class='ocrx_word' id='word_1_41' title='bbox 668 677 840 717; x_wconf 75' lang='lat' dir='ltr'>sacculo</span> <span class='ocrx_word' id='word_1_42' title='bbox 882 679 1150 731; x_wconf 79' lang='lat' dir='ltr'>enotuerint,</span> <span class='ocrx_word' id='word_1_43' title='bbox 1191 696 1287 722; x_wconf 88' lang='lat' dir='ltr'>esse</span> <span class='ocrx_word' id='word_1_44' title='bbox 1324 700 1537 725; x_wconf 84' lang='lat' dir='ltr'>annume-</span> 
     </span>
     <span class='ocr_line' id='line_1_7' title="bbox 48 757 249 799; baseline -0.01 0"><span class='ocrx_word' id='word_1_45' title='bbox 48 757 249 799; x_wconf 88' lang='lat' dir='ltr'>randum.</span> 
     </span>
    </p>

    <p class='ocr_par' dir='ltr' id='par_1_3' title="bbox 42 830 1540 2131">
     <span class='ocr_line' id='line_1_8' title="bbox 109 830 1539 893; baseline 0.003 -18"><span class='ocrx_word' id='word_1_46' title='bbox 109 835 175 875; x_wconf 72' lang='lat' dir='ltr'>Ab</span> <span class='ocrx_word' id='word_1_47' title='bbox 210 842 302 874; x_wconf 87' lang='lat' dir='ltr'>arte</span> <span class='ocrx_word' id='word_1_48' title='bbox 333 841 475 873; x_wconf 90' lang='lat' dir='ltr'>tamen</span> <span class='ocrx_word' id='word_1_49' title='bbox 506 830 698 887; x_wconf 82' lang='lat' dir='ltr'>perfecta</span> <span class='ocrx_word' id='word_1_50' title='bbox 731 830 913 870; x_wconf 85' lang='lat' dir='ltr'>multum</span> <span class='ocrx_word' id='word_1_51' title='bbox 943 831 1082 882; x_wconf 82' lang='lat' dir='ltr'>abest,</span> <span class='ocrx_word' id='word_1_52' title='bbox 1115 834 1308 892; x_wconf 83' lang='lat' dir='ltr'>antiquis</span> <span class='ocrx_word' id='word_1_53' title='bbox 1339 838 1539 893; x_wconf 88' lang='lat' dir='ltr'>specula-</span> 
     </span>
     <span class='ocr_line' id='line_1_9' title="bbox 50 907 1539 968; baseline 0.002 -15"><span class='ocrx_word' id='word_1_54' title='bbox 50 911 171 953; x_wconf 86' lang='lat' dir='ltr'>ribus</span> <span class='ocrx_word' id='word_1_55' title='bbox 201 910 357 957; x_wconf 86' lang='lat' dir='ltr'>simile,</span> <span class='ocrx_word' id='word_1_56' title='bbox 384 908 474 960; x_wconf 89' lang='lat' dir='ltr'>ubi,</span> <span class='ocrx_word' id='word_1_57' title='bbox 507 907 728 948; x_wconf 85' lang='lat' dir='ltr'>coloribus</span> <span class='ocrx_word' id='word_1_58' title='bbox 756 909 880 964; x_wconf 82' lang='lat' dir='ltr'>quasi</span> <span class='ocrx_word' id='word_1_59' title='bbox 909 908 1085 960; x_wconf 82' lang='lat' dir='ltr'>hiulcis,</span> <span class='ocrx_word' id='word_1_60' title='bbox 1111 911 1180 952; x_wconf 72' lang='lat' dir='ltr'>vix</span> <span class='ocrx_word' id='word_1_61' title='bbox 1208 928 1420 968; x_wconf 83' lang='lat' dir='ltr'>personas</span> <span class='ocrx_word' id='word_1_62' title='bbox 1449 915 1539 956; x_wconf 92' lang='lat' dir='ltr'>dis-</span> 
     </span>
     <span class='ocr_line' id='line_1_10' title="bbox 48 985 1538 1041; baseline 0.003 -13"><span class='ocrx_word' id='word_1_63' title='bbox 48 1004 226 1029; x_wconf 85' lang='lat' dir='ltr'>cernere</span> <span class='ocrx_word' id='word_1_64' title='bbox 250 995 336 1036; x_wconf 90' lang='lat' dir='ltr'>est;</span> <span class='ocrx_word' id='word_1_65' title='bbox 363 986 435 1026; x_wconf 84' lang='lat' dir='ltr'>ubi</span> <span class='ocrx_word' id='word_1_66' title='bbox 453 985 600 1033; x_wconf 88' lang='lat' dir='ltr'>etiam,</span> <span class='ocrx_word' id='word_1_67' title='bbox 627 985 667 1025; x_wconf 90' lang='lat' dir='ltr'>in</span> <span class='ocrx_word' id='word_1_68' title='bbox 695 987 876 1025; x_wconf 81' lang='lat' dir='ltr'>maxima</span> <span class='ocrx_word' id='word_1_69' title='bbox 896 1001 1041 1027; x_wconf 89' lang='lat' dir='ltr'>rerum</span> <span class='ocrx_word' id='word_1_70' title='bbox 1063 988 1287 1041; x_wconf 80' lang='lat' dir='ltr'>varietate,</span> <span class='ocrx_word' id='word_1_71' title='bbox 1308 991 1417 1031; x_wconf 88' lang='lat' dir='ltr'>ratio</span> <span class='ocrx_word' id='word_1_72' title='bbox 1435 992 1538 1033; x_wconf 87' lang='lat' dir='ltr'>des-</span> 
     </span>
     <span class='ocr_line' id='line_1_11' title="bbox 46 1061 1534 1125; baseline 0.003 -20"><span class='ocrx_word' id='word_1_73' title='bbox 46 1064 245 1106; x_wconf 82' lang='lat' dir='ltr'>cribendi</span> <span class='ocrx_word' id='word_1_74' title='bbox 263 1079 435 1120; x_wconf 83' lang='lat' dir='ltr'>semper</span> <span class='ocrx_word' id='word_1_75' title='bbox 459 1061 596 1109; x_wconf 84' lang='lat' dir='ltr'>rudiS‚</span> <span class='ocrx_word' id='word_1_76' title='bbox 614 1078 787 1118; x_wconf 86' lang='lat' dir='ltr'>semper</span> <span class='ocrx_word' id='word_1_77' title='bbox 811 1062 961 1103; x_wconf 85' lang='lat' dir='ltr'>eadem</span> <span class='ocrx_word' id='word_1_78' title='bbox 980 1072 1060 1104; x_wconf 88' lang='lat' dir='ltr'>est.</span> <span class='ocrx_word' id='word_1_79' title='bbox 1086 1065 1131 1105; x_wconf 82' lang='lat' dir='ltr'>ln</span> <span class='ocrx_word' id='word_1_80' title='bbox 1156 1064 1269 1106; x_wconf 88' lang='lat' dir='ltr'>libro</span> <span class='ocrx_word' id='word_1_81' title='bbox 1292 1067 1355 1108; x_wconf 81' lang='lat' dir='ltr'>De</span> <span class='ocrx_word' id='word_1_82' title='bbox 1375 1069 1534 1125; x_wconf 38' lang='grc' dir='ltr'>Ναὸν-[3,</span> 
     </span>
     <span class='ocr_line' id='line_1_12' title="bbox 46 1138 1535 1201; baseline 0.002 -18"><span class='ocrx_word' id='word_1_83' title='bbox 46 1143 88 1183; x_wconf 90' lang='lat' dir='ltr'>in</span> <span class='ocrx_word' id='word_1_84' title='bbox 132 1142 313 1183; x_wconf 85' lang='lat' dir='ltr'>Oriente</span> <span class='ocrx_word' id='word_1_85' title='bbox 348 1156 400 1181; x_wconf 90' lang='lat' dir='ltr'>ne</span> <span class='ocrx_word' id='word_1_86' title='bbox 435 1155 487 1180; x_wconf 89' lang='lat' dir='ltr'>an</span> <span class='ocrx_word' id='word_1_87' title='bbox 524 1140 566 1180; x_wconf 88' lang='lat' dir='ltr'>in</span> <span class='ocrx_word' id='word_1_88' title='bbox 603 1138 741 1186; x_wconf 89' lang='lat' dir='ltr'>Italia,</span> <span class='ocrx_word' id='word_1_89' title='bbox 780 1140 1022 1190; x_wconf 83' lang='lat' dir='ltr'>Lusitania,</span> <span class='ocrx_word' id='word_1_90' title='bbox 1060 1141 1218 1199; x_wconf 74' lang='lat' dir='ltr'>Anglia</span> <span class='ocrx_word' id='word_1_91' title='bbox 1261 1159 1328 1184; x_wconf 88' lang='lat' dir='ltr'>res</span> <span class='ocrx_word' id='word_1_92' title='bbox 1364 1155 1535 1201; x_wconf 67' lang='lat' dir='ltr'>agatur,</span> 
     </span>
     <span class='ocr_line' id='line_1_13' title="bbox 48 1215 1539 1280; baseline 0.003 -21"><span class='ocrx_word' id='word_1_93' title='bbox 48 1219 168 1276; x_wconf 83' lang='lat' dir='ltr'>parvi</span> <span class='ocrx_word' id='word_1_94' title='bbox 198 1217 356 1267; x_wconf 82' lang='lat' dir='ltr'>refert3</span> <span class='ocrx_word' id='word_1_95' title='bbox 386 1216 623 1274; x_wconf 88' lang='lat' dir='ltr'>aliquando</span> <span class='ocrx_word' id='word_1_96' title='bbox 654 1232 732 1256; x_wconf 89' lang='lat' dir='ltr'>nec</span> <span class='ocrx_word' id='word_1_97' title='bbox 765 1215 849 1256; x_wconf 83' lang='lat' dir='ltr'>loci</span> <span class='ocrx_word' id='word_1_98' title='bbox 879 1217 1056 1273; x_wconf 84' lang='lat' dir='ltr'>quidem</span> <span class='ocrx_word' id='word_1_99' title='bbox 1087 1218 1134 1258; x_wconf 86' lang='lat' dir='ltr'>fit</span> <span class='ocrx_word' id='word_1_100' title='bbox 1163 1221 1344 1261; x_wconf 87' lang='lat' dir='ltr'>mentio.</span> <span class='ocrx_word' id='word_1_101' title='bbox 1378 1223 1539 1280; x_wconf 79' lang='lat' dir='ltr'>Incipit</span> 
     </span>
     <span class='ocr_line' id='line_1_14' title="bbox 48 1293 1540 1351; baseline 0.003 -15"><span class='ocrx_word' id='word_1_102' title='bbox 48 1296 258 1343; x_wconf 88' lang='lat' dir='ltr'>narratio,</span> <span class='ocrx_word' id='word_1_103' title='bbox 281 1303 435 1351; x_wconf 88' lang='lat' dir='ltr'>coepta</span> <span class='ocrx_word' id='word_1_104' title='bbox 458 1301 665 1351; x_wconf 86' lang='lat' dir='ltr'>properat</span> <span class='ocrx_word' id='word_1_105' title='bbox 687 1301 728 1333; x_wconf 87' lang='lat' dir='ltr'>et</span> <span class='ocrx_word' id='word_1_106' title='bbox 751 1294 892 1349; x_wconf 72' lang='lat' dir='ltr'>vergit</span> <span class='ocrx_word' id='word_1_107' title='bbox 910 1293 963 1334; x_wconf 85' lang='lat' dir='ltr'>ad</span> <span class='ocrx_word' id='word_1_108' title='bbox 987 1294 1134 1344; x_wconf 86' lang='lat' dir='ltr'>finem,</span> <span class='ocrx_word' id='word_1_109' title='bbox 1161 1312 1240 1337; x_wconf 87' lang='lat' dir='ltr'>nec</span> <span class='ocrx_word' id='word_1_110' title='bbox 1264 1298 1429 1339; x_wconf 86' lang='lat' dir='ltr'>interea</span> <span class='ocrx_word' id='word_1_111' title='bbox 1453 1300 1540 1341; x_wconf 89' lang='lat' dir='ltr'>cir-</span> 
     </span>
     <span class='ocr_line' id='line_1_15' title="bbox 52 1369 1537 1431; baseline 0.003 -18"><span class='ocrx_word' id='word_1_112' title='bbox 52 1371 314 1413; x_wconf 87' lang='lat' dir='ltr'>cumstantia</span> <span class='ocrx_word' id='word_1_113' title='bbox 337 1386 536 1428; x_wconf 86' lang='lat' dir='ltr'>quaeque</span> <span class='ocrx_word' id='word_1_114' title='bbox 553 1369 777 1411; x_wconf 86' lang='lat' dir='ltr'>delineare</span> <span class='ocrx_word' id='word_1_115' title='bbox 801 1379 872 1411; x_wconf 88' lang='lat' dir='ltr'>aut</span> <span class='ocrx_word' id='word_1_116' title='bbox 895 1379 994 1412; x_wconf 90' lang='lat' dir='ltr'>ante</span> <span class='ocrx_word' id='word_1_117' title='bbox 1017 1371 1168 1413; x_wconf 91' lang='lat' dir='ltr'>oculos</span> <span class='ocrx_word' id='word_1_118' title='bbox 1191 1375 1314 1431; x_wconf 82' lang='lat' dir='ltr'>quasi</span> <span class='ocrx_word' id='word_1_119' title='bbox 1331 1376 1537 1418; x_wconf 71' lang='lat' dir='ltr'>tabellam</span> 
     </span>
     <span class='ocr_line' id='line_1_16' title="bbox 48 1447 1540 1507; baseline 0.004 -18"><span class='ocrx_word' id='word_1_120' title='bbox 48 1465 212 1507; x_wconf 87' lang='lat' dir='ltr'>ponere</span> <span class='ocrx_word' id='word_1_121' title='bbox 241 1448 329 1490; x_wconf 92' lang='lat' dir='ltr'>ullo</span> <span class='ocrx_word' id='word_1_122' title='bbox 353 1448 482 1489; x_wconf 87' lang='lat' dir='ltr'>modo</span> <span class='ocrx_word' id='word_1_123' title='bbox 506 1447 712 1504; x_wconf 88' lang='lat' dir='ltr'>scriptori</span> <span class='ocrx_word' id='word_1_124' title='bbox 735 1447 854 1488; x_wconf 83' lang='lat' dir='ltr'>veuit</span> <span class='ocrx_word' id='word_1_125' title='bbox 877 1448 920 1488; x_wconf 90' lang='lat' dir='ltr'>in</span> <span class='ocrx_word' id='word_1_126' title='bbox 951 1457 1158 1491; x_wconf 85' lang='lat' dir='ltr'>mentem.</span> <span class='ocrx_word' id='word_1_127' title='bbox 1184 1451 1367 1493; x_wconf 86' lang='lat' dir='ltr'>Minime</span> <span class='ocrx_word' id='word_1_128' title='bbox 1391 1453 1540 1495; x_wconf 86' lang='lat' dir='ltr'>differt</span> 
     </span>
     <span class='ocr_line' id='line_1_17' title="bbox 49 1525 1534 1585; baseline 0.003 -18"><span class='ocrx_word' id='word_1_129' title='bbox 49 1544 69 1568; x_wconf 91' lang='lat' dir='ltr'>a</span> <span class='ocrx_word' id='word_1_130' title='bbox 89 1526 242 1583; x_wconf 85' lang='lat' dir='ltr'>primis</span> <span class='ocrx_word' id='word_1_131' title='bbox 259 1525 539 1567; x_wconf 85' lang='lat' dir='ltr'>eeclesiarum</span> <span class='ocrx_word' id='word_1_132' title='bbox 555 1540 832 1565; x_wconf 88' lang='lat' dir='ltr'>romanarum</span> <span class='ocrx_word' id='word_1_133' title='bbox 847 1525 1160 1582; x_wconf 88' lang='lat' dir='ltr'>sculptoribus,</span> <span class='ocrx_word' id='word_1_134' title='bbox 1181 1544 1290 1585; x_wconf 90' lang='lat' dir='ltr'>quos</span> <span class='ocrx_word' id='word_1_135' title='bbox 1304 1529 1347 1570; x_wconf 92' lang='lat' dir='ltr'>in</span> <span class='ocrx_word' id='word_1_136' title='bbox 1368 1530 1534 1572; x_wconf 89' lang='lat' dir='ltr'>colum—</span> 
     </span>
     <span class='ocr_line' id='line_1_18' title="bbox 49 1601 1534 1661; baseline 0.004 -17"><span class='ocrx_word' id='word_1_137' title='bbox 49 1619 201 1645; x_wconf 86' lang='lat' dir='ltr'>narum</span> <span class='ocrx_word' id='word_1_138' title='bbox 234 1603 452 1660; x_wconf 84' lang='lat' dir='ltr'>capitibus</span> <span class='ocrx_word' id='word_1_139' title='bbox 487 1602 611 1661; x_wconf 85' lang='lat' dir='ltr'>signa</span> <span class='ocrx_word' id='word_1_140' title='bbox 655 1601 867 1658; x_wconf 81' lang='lat' dir='ltr'>quaedam</span> <span class='ocrx_word' id='word_1_141' title='bbox 898 1602 981 1643; x_wconf 89' lang='lat' dir='ltr'>hoc</span> <span class='ocrx_word' id='word_1_142' title='bbox 1016 1611 1060 1644; x_wconf 90' lang='lat' dir='ltr'>et</span> <span class='ocrx_word' id='word_1_143' title='bbox 1086 1604 1210 1655; x_wconf 92' lang='lat' dir='ltr'>illud,</span> <span class='ocrx_word' id='word_1_144' title='bbox 1243 1609 1534 1650; x_wconf 85' lang='lat' dir='ltr'>conventione</span> 
     </span>
     <span class='ocr_line' id='line_1_19' title="bbox 49 1678 1535 1739; baseline 0.003 -17"><span class='ocrx_word' id='word_1_145' title='bbox 49 1681 176 1731; x_wconf 83' lang='lat' dir='ltr'>sacta,</span> <span class='ocrx_word' id='word_1_146' title='bbox 220 1679 515 1736; x_wconf 83' lang='lat' dir='ltr'>significantia</span> <span class='ocrx_word' id='word_1_147' title='bbox 562 1678 757 1719; x_wconf 86' lang='lat' dir='ltr'>incidere</span> <span class='ocrx_word' id='word_1_148' title='bbox 782 1679 976 1735; x_wconf 80' lang='lat' dir='ltr'>juvabat,</span> <span class='ocrx_word' id='word_1_149' title='bbox 1011 1681 1159 1737; x_wconf 92' lang='lat' dir='ltr'>potius</span> <span class='ocrx_word' id='word_1_150' title='bbox 1197 1699 1325 1739; x_wconf 84' lang='lat' dir='ltr'>quam</span> <span class='ocrx_word' id='word_1_151' title='bbox 1356 1694 1535 1727; x_wconf 86' lang='lat' dir='ltr'>naturae</span> 
     </span>
     <span class='ocr_line' id='line_1_20' title="bbox 45 1755 1536 1816; baseline 0.004 -18"><span class='ocrx_word' id='word_1_152' title='bbox 45 1758 230 1799; x_wconf 78' lang='lat' dir='ltr'>viventis</span> <span class='ocrx_word' id='word_1_153' title='bbox 253 1757 498 1814; x_wconf 86' lang='lat' dir='ltr'>exprimere</span> <span class='ocrx_word' id='word_1_154' title='bbox 520 1755 912 1812; x_wconf 85' lang='lat' dir='ltr'>pulchritudinem.</span> <span class='ocrx_word' id='word_1_155' title='bbox 938 1757 1004 1797; x_wconf 88' lang='lat' dir='ltr'>Ab</span> <span class='ocrx_word' id='word_1_156' title='bbox 1027 1757 1294 1816; x_wconf 77' lang='lat' dir='ltr'>imaginibus</span> <span class='ocrx_word' id='word_1_157' title='bbox 1317 1770 1458 1802; x_wconf 85' lang='lat' dir='ltr'>autem</span> <span class='ocrx_word' id='word_1_158' title='bbox 1483 1764 1536 1804; x_wconf 90' lang='lat' dir='ltr'>ad</span> 
     </span>
     <span class='ocr_line' id='line_1_21' title="bbox 44 1832 1534 1890; baseline 0.004 -15"><span class='ocrx_word' id='word_1_159' title='bbox 44 1836 185 1875; x_wconf 74' lang='lat' dir='ltr'>vivum</span> <span class='ocrx_word' id='word_1_160' title='bbox 214 1833 402 1890; x_wconf 89' lang='lat' dir='ltr'>depictis</span> <span class='ocrx_word' id='word_1_161' title='bbox 426 1832 533 1874; x_wconf 86' lang='lat' dir='ltr'>adeo</span> <span class='ocrx_word' id='word_1_162' title='bbox 557 1832 669 1873; x_wconf 91' lang='lat' dir='ltr'>solet</span> <span class='ocrx_word' id='word_1_163' title='bbox 696 1832 920 1874; x_wconf 84' lang='lat' dir='ltr'>abstinere</span> <span class='ocrx_word' id='word_1_164' title='bbox 944 1842 1004 1883; x_wconf 89' lang='lat' dir='ltr'>ut,</span> <span class='ocrx_word' id='word_1_165' title='bbox 1030 1850 1241 1890; x_wconf 84' lang='lat' dir='ltr'>personas</span> <span class='ocrx_word' id='word_1_166' title='bbox 1270 1837 1313 1878; x_wconf 90' lang='lat' dir='ltr'>in</span> <span class='ocrx_word' id='word_1_167' title='bbox 1344 1839 1534 1881; x_wconf 85' lang='lat' dir='ltr'>medium</span> 
     </span>
     <span class='ocr_line' id='line_1_22' title="bbox 44 1910 1534 1973; baseline 0.004 -21"><span class='ocrx_word' id='word_1_168' title='bbox 44 1911 310 1970; x_wconf 88' lang='lat' dir='ltr'>prolaturus,</span> <span class='ocrx_word' id='word_1_169' title='bbox 358 1911 537 1951; x_wconf 90' lang='lat' dir='ltr'>ineunte</span> <span class='ocrx_word' id='word_1_170' title='bbox 585 1910 853 1959; x_wconf 86' lang='lat' dir='ltr'>narratione,</span> <span class='ocrx_word' id='word_1_171' title='bbox 899 1926 1121 1968; x_wconf 85' lang='lat' dir='ltr'>nunquam</span> <span class='ocrx_word' id='word_1_172' title='bbox 1163 1929 1312 1955; x_wconf 87' lang='lat' dir='ltr'>earum</span> <span class='ocrx_word' id='word_1_173' title='bbox 1366 1916 1534 1973; x_wconf 73' lang='lat' dir='ltr'>effigies</span> 
     </span>
     <span class='ocr_line' id='line_1_23' title="bbox 44 1987 1533 2050; baseline 0.005 -22"><span class='ocrx_word' id='word_1_174' title='bbox 44 1996 374 2046; x_wconf 86' lang='lat' dir='ltr'>repraesentare</span> <span class='ocrx_word' id='word_1_175' title='bbox 406 1987 591 2028; x_wconf 90' lang='lat' dir='ltr'>laboret.</span> <span class='ocrx_word' id='word_1_176' title='bbox 630 1987 675 2028; x_wconf 91' lang='lat' dir='ltr'>In</span> <span class='ocrx_word' id='word_1_177' title='bbox 716 1987 784 2027; x_wconf 89' lang='lat' dir='ltr'>his</span> <span class='ocrx_word' id='word_1_178' title='bbox 821 2004 931 2044; x_wconf 87' lang='lat' dir='ltr'>quae</span> <span class='ocrx_word' id='word_1_179' title='bbox 967 1989 1121 2030; x_wconf 86' lang='lat' dir='ltr'>scribit</span> <span class='ocrx_word' id='word_1_180' title='bbox 1149 1990 1265 2032; x_wconf 88' lang='lat' dir='ltr'>inest</span> <span class='ocrx_word' id='word_1_181' title='bbox 1298 1992 1533 2050; x_wconf 84' lang='lat' dir='ltr'>aliquando</span> 
     </span>
     <span class='ocr_line' id='line_1_24' title="bbox 42 2064 1534 2131; baseline 0.005 -25"><span class='ocrx_word' id='word_1_182' title='bbox 42 2065 238 2106; x_wconf 73' lang='lat' dir='ltr'>veritatis</span> <span class='ocrx_word' id='word_1_183' title='bbox 267 2065 410 2115; x_wconf 83' lang='lat' dir='ltr'>color3</span> <span class='ocrx_word' id='word_1_184' title='bbox 442 2072 625 2122; x_wconf 87' lang='lat' dir='ltr'>apparet</span> <span class='ocrx_word' id='word_1_185' title='bbox 647 2064 883 2121; x_wconf 86' lang='lat' dir='ltr'>aliquando</span> <span class='ocrx_word' id='word_1_186' title='bbox 909 2074 1098 2107; x_wconf 86' lang='lat' dir='ltr'>mentem</span> <span class='ocrx_word' id='word_1_187' title='bbox 1124 2068 1383 2111; x_wconf 87' lang='lat' dir='ltr'>mortalibus</span> <span class='ocrx_word' id='word_1_188' title='bbox 1411 2073 1534 2131; x_wconf 82' lang='lat' dir='ltr'>tangi</span> 
     </span>
    </p>

    <p class='ocr_par' dir='ltr' id='par_1_4' title="bbox 43 2141 1536 2588">
     <span class='ocr_line' id='line_1_25' title="bbox 46 2141 1536 2204; baseline 0.005 -21"><span class='ocrx_word' id='word_1_189' title='bbox 46 2142 122 2184; x_wconf 89' lang='lat' dir='ltr'>sed</span> <span class='ocrx_word' id='word_1_190' title='bbox 146 2142 257 2184; x_wconf 89' lang='lat' dir='ltr'>ultra</span> <span class='ocrx_word' id='word_1_191' title='bbox 279 2141 521 2200; x_wconf 87' lang='lat' dir='ltr'>procedere</span> <span class='ocrx_word' id='word_1_192' title='bbox 555 2141 734 2198; x_wconf 88' lang='lat' dir='ltr'>Mappio</span> <span class='ocrx_word' id='word_1_193' title='bbox 758 2157 843 2182; x_wconf 90' lang='lat' dir='ltr'>non</span> <span class='ocrx_word' id='word_1_194' title='bbox 867 2142 1012 2194; x_wconf 87' lang='lat' dir='ltr'>datur,</span> <span class='ocrx_word' id='word_1_195' title='bbox 1039 2159 1118 2185; x_wconf 89' lang='lat' dir='ltr'>nec</span> <span class='ocrx_word' id='word_1_196' title='bbox 1147 2144 1287 2187; x_wconf 87' lang='lat' dir='ltr'>facere</span> <span class='ocrx_word' id='word_1_197' title='bbox 1316 2156 1463 2204; x_wconf 84' lang='lat' dir='ltr'>potest</span> <span class='ocrx_word' id='word_1_198' title='bbox 1490 2158 1536 2190; x_wconf 91' lang='lat' dir='ltr'>ut</span> 
     </span>
     <span class='ocr_line' id='line_1_26' title="bbox 45 2219 1533 2277; baseline 0.004 -17"><span class='ocrx_word' id='word_1_199' title='bbox 45 2219 108 2260; x_wconf 90' lang='lat' dir='ltr'>illi</span> <span class='ocrx_word' id='word_1_200' title='bbox 138 2235 248 2276; x_wconf 86' lang='lat' dir='ltr'>quos</span> <span class='ocrx_word' id='word_1_201' title='bbox 277 2219 462 2269; x_wconf 83' lang='lat' dir='ltr'>inducit,</span> <span class='ocrx_word' id='word_1_202' title='bbox 494 2227 701 2276; x_wconf 86' lang='lat' dir='ltr'>tanquam</span> <span class='ocrx_word' id='word_1_203' title='bbox 732 2235 906 2259; x_wconf 89' lang='lat' dir='ltr'>carnem</span> <span class='ocrx_word' id='word_1_204' title='bbox 929 2220 1120 2262; x_wconf 86' lang='lat' dir='ltr'>habeant</span> <span class='ocrx_word' id='word_1_205' title='bbox 1155 2231 1198 2262; x_wconf 88' lang='lat' dir='ltr'>ct</span> <span class='ocrx_word' id='word_1_206' title='bbox 1225 2239 1338 2273; x_wconf 88' lang='lat' dir='ltr'>ossa,</span> <span class='ocrx_word' id='word_1_207' title='bbox 1371 2225 1533 2277; x_wconf 78' lang='lat' dir='ltr'>vivere,</span> 
     </span>
     <span class='ocr_line' id='line_1_27' title="bbox 44 2295 1530 2354; baseline 0.004 -17"><span class='ocrx_word' id='word_1_208' title='bbox 44 2296 211 2346; x_wconf 89' lang='lat' dir='ltr'>dolere,</span> <span class='ocrx_word' id='word_1_209' title='bbox 238 2304 279 2337; x_wconf 88' lang='lat' dir='ltr'>et</span> <span class='ocrx_word' id='word_1_210' title='bbox 306 2297 421 2337; x_wconf 87' lang='lat' dir='ltr'>inter</span> <span class='ocrx_word' id='word_1_211' title='bbox 444 2312 489 2337; x_wconf 90' lang='lat' dir='ltr'>se</span> <span class='ocrx_word' id='word_1_212' title='bbox 518 2311 714 2353; x_wconf 76' lang='lat' dir='ltr'>pugnare</span> <span class='ocrx_word' id='word_1_213' title='bbox 744 2295 992 2337; x_wconf 78' lang='lat' dir='ltr'>videantur.</span> <span class='ocrx_word' id='word_1_214' title='bbox 1024 2297 1155 2354; x_wconf 83' lang='lat' dir='ltr'>Apud</span> <span class='ocrx_word' id='word_1_215' title='bbox 1187 2315 1283 2340; x_wconf 89' lang='lat' dir='ltr'>eum</span> <span class='ocrx_word' id='word_1_216' title='bbox 1312 2301 1530 2354; x_wconf 82' lang='lat' dir='ltr'>homiues,</span> 
     </span>
     <span class='ocr_line' id='line_1_28' title="bbox 44 2372 1536 2432; baseline 0.004 -18"><span class='ocrx_word' id='word_1_217' title='bbox 44 2382 166 2414; x_wconf 87' lang='lat' dir='ltr'>extra</span> <span class='ocrx_word' id='word_1_218' title='bbox 193 2388 378 2430; x_wconf 88' lang='lat' dir='ltr'>corpora</span> <span class='ocrx_word' id='word_1_219' title='bbox 408 2373 556 2429; x_wconf 92' lang='lat' dir='ltr'>positi,</span> <span class='ocrx_word' id='word_1_220' title='bbox 591 2372 644 2414; x_wconf 88' lang='lat' dir='ltr'>ad</span> <span class='ocrx_word' id='word_1_221' title='bbox 676 2389 836 2414; x_wconf 89' lang='lat' dir='ltr'>meram</span> <span class='ocrx_word' id='word_1_222' title='bbox 874 2374 1189 2432; x_wconf 83' lang='lat' dir='ltr'>cogitationem</span> <span class='ocrx_word' id='word_1_223' title='bbox 1218 2378 1376 2418; x_wconf 86' lang='lat' dir='ltr'>mentis</span> <span class='ocrx_word' id='word_1_224' title='bbox 1415 2379 1536 2420; x_wconf 85' lang='lat' dir='ltr'>redi-</span> 
     </span>
     <span class='ocr_line' id='line_1_29' title="bbox 43 2449 1532 2512; baseline 0.004 -22"><span class='ocrx_word' id='word_1_225' title='bbox 43 2459 224 2507; x_wconf 82' lang='lat' dir='ltr'>guntur,</span> <span class='ocrx_word' id='word_1_226' title='bbox 269 2465 460 2491; x_wconf 87' lang='lat' dir='ltr'>amorem</span> <span class='ocrx_word' id='word_1_227' title='bbox 497 2449 703 2491; x_wconf 81' lang='lat' dir='ltr'>videlicet</span> <span class='ocrx_word' id='word_1_228' title='bbox 743 2450 970 2492; x_wconf 86' lang='lat' dir='ltr'>ardentem</span> <span class='ocrx_word' id='word_1_229' title='bbox 1000 2452 1128 2493; x_wconf 89' lang='lat' dir='ltr'>simul</span> <span class='ocrx_word' id='word_1_230' title='bbox 1163 2461 1204 2493; x_wconf 87' lang='lat' dir='ltr'>et</span> <span class='ocrx_word' id='word_1_231' title='bbox 1252 2454 1532 2512; x_wconf 82' lang='lat' dir='ltr'>ingenuum¹,</span> 
     </span>
     <span class='ocr_line' id='line_1_30' title="bbox 43 2526 1536 2588; baseline 0.004 -21"><span class='ocrx_word' id='word_1_232' title='bbox 43 2527 196 2568; x_wconf 86' lang='lat' dir='ltr'>malam</span> <span class='ocrx_word' id='word_1_233' title='bbox 238 2526 450 2583; x_wconf 88' lang='lat' dir='ltr'>pecuniae</span> <span class='ocrx_word' id='word_1_234' title='bbox 485 2528 832 2585; x_wconf 50' lang='lat' dir='ltr'>contagionem,</span> <span class='ocrx_word' id='word_1_235' title='bbox 873 2528 1045 2569; x_wconf 80' lang='lat' dir='ltr'>virilem</span> <span class='ocrx_word' id='word_1_236' title='bbox 1084 2529 1344 2571; x_wconf 71' lang='lat' dir='ltr'>amicitiam³</span> <span class='ocrx_word' id='word_1_237' title='bbox 1390 2533 1536 2588; x_wconf 82' lang='lat' dir='ltr'>expri-</span> 
     </span>
    </p>
   </div>
   <div class='ocr_carea' id='block_1_3' title="bbox 43 2603 1536 2662">
    <p class='ocr_par' dir='ltr' id='par_1_5' title="bbox 43 2603 1536 2662">
     <span class='ocr_line' id='line_1_31' title="bbox 43 2603 1536 2662; baseline 0.004 -18"><span class='ocrx_word' id='word_1_238' title='bbox 43 2612 180 2645; x_wconf 89' lang='lat' dir='ltr'>munt.</span> <span class='ocrx_word' id='word_1_239' title='bbox 212 2603 298 2645; x_wconf 90' lang='lat' dir='ltr'>Ubi</span> <span class='ocrx_word' id='word_1_240' title='bbox 326 2612 469 2644; x_wconf 85' lang='lat' dir='ltr'>autem</span> <span class='ocrx_word' id='word_1_241' title='bbox 498 2619 584 2644; x_wconf 92' lang='lat' dir='ltr'>non</span> <span class='ocrx_word' id='word_1_242' title='bbox 612 2603 806 2645; x_wconf 88' lang='lat' dir='ltr'>intendit</span> <span class='ocrx_word' id='word_1_243' title='bbox 834 2605 1039 2662; x_wconf 89' lang='lat' dir='ltr'>Mappius</span> <span class='ocrx_word' id='word_1_244' title='bbox 1068 2606 1177 2648; x_wconf 87' lang='lat' dir='ltr'>duos</span> <span class='ocrx_word' id='word_1_245' title='bbox 1207 2607 1389 2650; x_wconf 84' lang='lat' dir='ltr'>affectus</span> <span class='ocrx_word' id='word_1_246' title='bbox 1421 2610 1536 2650; x_wconf 88' lang='lat' dir='ltr'>inter</span> 
     </span>
    </p>
   </div>
   <div class='ocr_carea' id='block_1_4' title="bbox 90 2748 258 2779">
    <p class='ocr_par' dir='ltr' id='par_1_6' title="bbox 90 2748 258 2779">
     <span class='ocr_line' id='line_1_32' title="bbox 90 2748 258 2779; baseline 0.012 -2"><span class='ocrx_word' id='word_1_247' title='bbox 90 2748 113 2778; x_wconf 93' lang='grc' dir='ltr'>Ι.</span> <span class='ocrx_word' id='word_1_248' title='bbox 136 2748 258 2779; x_wconf 85' lang='lat' dir='ltr'>Resus.</span> 
     </span>
    </p>
   </div>
   <div class='ocr_carea' id='block_1_5' title="bbox 82 2795 589 2873">
    <p class='ocr_par' dir='ltr' id='par_1_7' title="bbox 82 2795 589 2873">
     <span class='ocr_line' id='line_1_33' title="bbox 82 2795 589 2827; baseline 0.002 -2"><span class='ocrx_word' id='word_1_249' title='bbox 82 2796 112 2827; x_wconf 82' lang='lat'>2.</span> <span class='ocrx_word' id='word_1_250' title='bbox 137 2795 207 2826; x_wconf 88' lang='lat' dir='ltr'>Duo</span> <span class='ocrx_word' id='word_1_251' title='bbox 231 2800 442 2826; x_wconf 81' lang='lat' dir='ltr'>mercatores</span> <span class='ocrx_word' id='word_1_252' title='bbox 465 2795 589 2826; x_wconf 83' lang='lat' dir='ltr'>Italici.</span> 
     </span>
     <span class='ocr_line' id='line_1_34' title="bbox 86 2842 254 2873; baseline 0.006 -1"><span class='ocrx_word' id='word_1_253' title='bbox 86 2843 114 2873; x_wconf 85' lang='lat'>3.</span> <span class='ocrx_word' id='word_1_254' title='bbox 141 2842 254 2873; x_wconf 81' lang='lat' dir='ltr'>Gallo.</span> 
     </span>
    </p>
   </div>
  </div>
 </body>
</html>
