1873 3329
436 291 738 317 ι-·Αιιυι.05ΑηυΜ
776 292 1079 318 ΝΛιιιιΛτιωκυΜ
1117 291 1344 317 ὃῦιιιιηόιιν,
1584 287 1642 316 133

158 386 374 435 respecta.
408 376 617 432 deditque
659 392 703 415 se
740 393 836 417 eum
872 376 1076 417 omnibus
1111 392 1220 432 quam
1260 375 1519 432 possederat
1554 377 1644 416 Deo

154 455 391 511 doinuique
419 453 716 509 'l'einplarium
737 454 762 494 ¹.
792 471 812 491 »

214 532 310 584 Quo
357 530 526 571 vivebat
566 529 805 571 XValterius
848 537 1060 586 tempore,
1113 531 1228 570 Deus
1270 530 1550 585 omnipotens
1599 546 1642 569 se

154 607 424 665 quotidianis
449 606 670 647 miraculis
699 606 1028 664 agnoscendum
1056 606 1311 662 praebebat,
1340 614 1384 646 ut
1406 607 1635 663 putabant,

155 701 233 726 nec
267 693 437 742 poterat
473 685 570 740 quis
605 681 823 723 essieacius
858 698 988 739 quain
1029 698 1190 739 corpus
1231 682 1469 723 cruciando
1511 682 1638 723 {idem

153 778 272 803 suam
304 761 468 802 testari.
495 761 728 816 Reponere
759 760 952 799 membra
978 760 1019 799 in
1050 761 1215 809 cinere,
1242 759 1433 800 cilicium
1460 760 1643 801 induere

153 855 238 879 non
271 838 413 879 minus
445 837 650 877 usitatum
679 844 770 876 erat
798 852 927 893 quam
959 836 1106 877 dicere
1136 855 1155 874 «
1183 838 1312 878 Pater
1344 845 1495 877 noster
1528 855 1547 875 »
1580 837 1645 877 vel

155 934 174 954 «
199 916 303 962 Ave,
329 914 466 956 Maria
493 931 512 952 »
538 912 748 970 pluries?
777 913 853 953 Ille
883 921 981 953 ante
1012 913 1118 954 alios
1142 913 1258 970 apud
1287 913 1403 954 cives
1431 913 1473 953 in
1504 913 1644 954 admi-

152 993 320 1033 ratione
357 1000 465 1039 erat,
501 990 573 1031 ille
608 1006 755 1030 rerum
791 990 1037 1030 divinarum
1073 991 1219 1031 studio
1253 990 1642 1032 vehementissime

151 1069 304 1111 ardere
334 1069 570 1125 putabatur
598 1068 672 1123 qui
708 1067 913 1108 studebat
948 1068 1109 1108 imitari
1143 1076 1215 1108 aot
1246 1067 1472 1108 eremitam
1509 1085 1529 1106 «
1567 1068 1644 1125 qui

151 1153 302 1187 catena
339 1145 573 1201 stringitur
608 1144 749 1185 ferrea
790 1152 876 1184 tam
913 1144 1042 1202 longa
1083 1153 1129 1185 ut
1162 1144 1369 1200 protendi
1408 1144 1549 1200 possit
1589 1144 1642 1185 ad

150 1222 308 1278 pedem
338 1221 592 1278 septimum,
621 1220 824 1261 malleum
860 1229 1003 1261 autem
1034 1237 1179 1261 seeum
1210 1220 1402 1261 ferreum
1428 1229 1470 1261 et
1497 1220 1639 1277 paxil-

151 1298 237 1339 lum
269 1314 444 1355 semper
464 1307 622 1355 gestat,
649 1298 809 1354 quibus
838 1297 1027 1338 affirmat
1049 1306 1189 1338 terrae
1219 1306 1416 1338 catenam
1447 1313 1567 1338 suam
1597 1295 1639 1337 in

151 1376 348 1425 sabbato,
381 1383 424 1416 et
452 1374 565 1415 intra
595 1373 791 1415 modicos
822 1373 920 1414 illos
950 1373 1058 1415 fines
1087 1390 1166 1431 per
1195 1373 1518 1414 hebdomadam
1548 1381 1643 1414 orat

150 1460 267 1493 totus
290 1452 335 1493 in
359 1452 534 1509 hymnis
563 1460 604 1492 et
625 1450 807 1502 laetitia,
839 1459 881 1492 et
903 1467 1128 1508 nunquam
1151 1451 1361 1509 querulus
1385 1459 1457 1492 aut
1478 1450 1635 1500 tristis,

150 1528 210 1569 ibi
239 1528 474 1570 comedens
502 1528 620 1586 quod
649 1528 875 1585 repperit³
905 1545 944 1578 ))‚
975 1537 1049 1569 aut
1074 1528 1335 1569 monachum
1365 1528 1456 1584 qui,
1491 1545 1509 1566 «
1539 1543 1636 1568 cum

150 1604 321 1647 cuidam
349 1606 538 1662 turpiter
567 1605 815 1646 exulcerato
838 1593 1008 1722 ‹lfvaret
1036 1604 1211 1645 infirmo
1240 1604 1392 1662 pedes,
1417 1604 1470 1645 ad
1498 1603 1640 1645 foedi-

150 1690 281 1722 tatem
322 1697 555 1730 nauseans,
598 1682 735 1738 ipsam
774 1698 831 1722 un
870 1698 891 1722 e
931 1681 1093 1722 laverat
1134 1697 1209 1722 eos
1251 1696 1406 1738 aquam
1449 1680 1638 1739 impiger

150 1758 309 1809 hausit,
353 1767 400 1800 ut
444 1759 611 1800 viscera
657 1774 732 1799 sua
777 1759 974 1799 vinceret
1019 1774 1271 1799 assuescere
1318 1757 1437 1816 quod
1482 1758 1639 1799 horre-

149 1835 342 1876 bant²›»

207 1912 454 1972 Religionis
489 1929 643 1954 sensus
674 1921 761 1953 tam
796 1928 924 1970 asper
951 1912 996 1953 in
1031 1912 1221 1970 agendo,
1259 1921 1345 1953 tam
1380 1911 1565 1969 puerilis
1593 1912 1637 1952 in

148 1988 370 2030 credendo
399 1989 626 2047 nequibat,
662 1998 709 2031 ut
731 1991 821 2046 jam
849 1989 1056 2041 diximus,
1094 1989 1199 2031 satis
1229 1989 1393 2030 habere
1426 1988 1637 2029 momenti

149 2074 194 2107 ut
242 2066 452 2108 bellicosa
504 2067 610 2108 haec
656 2067 834 2125 ingenia
877 2067 1189 2117 mitescerent3
1233 2074 1426 2107 ceterum
1474 2065 1568 2122 ipse
1615 2080 1637 2105 e

147 2142 332 2184 rudibus
364 2143 538 2192 animis,
570 2143 707 2185 feroci
744 2142 894 2184 indole
929 2143 1097 2201 aliquid
1131 2143 1356 2200 capiebat,
1389 2142 1550 2183 nedum
1591 2157 1640 2183 ea

148 2227 338 2277 regeret,
389 2227 432 2260 et
483 2235 660 2277 sagaces
714 2234 884 2261 morum
930 2219 1232 2279 indagatores,
1282 2227 1330 2260 ut
1380 2218 1637 2267 W'alterius,

149 2294 375 2337 hominum
404 2311 544 2355 genus
575 2304 834 2353 corruptum
864 2297 1179 2353 querebantur,
1212 2312 1310 2337 cum
1339 2294 1470 2336 fidem
1499 2294 1641 2336 chris-

147 2372 327 2422 tianam,
364 2388 451 2414 non
486 2373 616 2414 modo
651 2389 739 2414 non
773 2381 1022 2430 purgatam,
1059 2373 1136 2414 sed
1167 2373 1299 2430 hujus
1331 2372 1485 2413 aetatis
1518 2371 1637 2411 vitiis

147 2447 354 2489 infectam
400 2449 852 2491 animadvertebant5.
900 2450 1018 2503 Quid
1065 2450 1181 2491 enim
1228 2449 1439 2491 valuisset
1484 2456 1635 2489 contra

148 2525 389 2582 nequitiam
425 2542 508 2584 qua
544 2528 633 2584 jam
676 2526 908 2568 laborabat
948 2527 1125 2585 Anglia,
1169 2526 1432 2568 duodecimo
1470 2524 1634 2576 seculo,

187 2647 216 2679 1.
239 2650 286 2678 De
307 2648 426 2689 Nugis‚
449 2659 484 2688 p.
506 2650 558 2680 32.

184 2696 215 2725 2.
237 2695 340 2732 Ibt'tl.,
360 2706 395 2736 p.
424 2697 492 2727 164.

187 2744 217 2772 3.
239 2742 341 2781 lbid.‚
361 2754 395 2783 p.
410 2744 461 2774 (56.

186 2790 217 2820 4.

187 2839 216 2867 5.

239 2789 342 2829 thia„
363 2800 398 2830 p.
421 2791 471 2821 36.

240 2836 341 2873 lbid„
367 2848 400 2878 p.
424 2837 495 2867 141.
