1842 3288
239 317 277 346 34
732 319 781 344 DE
816 319 1038 346 WALTERIO
1073 321 1229 347 MAPPlo

299 406 559 447 Auditorum
596 405 739 454 turba,
778 405 817 444 in
858 421 939 461 qua
981 406 1205 453 Germani,
1243 406 1393 463 Angli,
1436 407 1568 458 Galli,
1612 407 1724 456 Itali,

242 499 455 539 pauperes
490 490 531 521 et
566 481 722 521 divites
766 481 1080 533 miscebantur,
1117 498 1226 539 gens
1264 491 1356 523 erat
1395 485 1650 526 turbulenta
1687 493 1731 525 et

242 559 429 599 insolitis
454 558 664 598 moribus.
693 559 852 598 Eratue
875 559 1080 615 Mappius
1104 561 1216 600 inter
1246 575 1319 600 eos
1348 560 1508 616 quibus
1530 562 1729 619 magistri

241 636 397 692 stipem
440 636 696 692 erogabant,
741 635 814 692 qui
854 636 1020 676 tirones
1056 636 1297 693 discipulos
1332 637 1519 678 ridiculo
1554 638 1729 679 nomine

241 715 449 768 bejaunes
471 721 645 752 vocatos
669 712 936 768 expilabant,
964 722 1020 764 et,
1054 729 1252 770 vespere,
1278 730 1376 754 cum
1406 714 1585 755 umbrae
1608 715 1731 756 cade-

240 791 344 830 bant
382 806 402 829 e
438 789 559 830 coelo
595 790 638 829 in
683 790 895 830 obscuros
931 790 1205 847 angiportus,
1249 807 1325 847 per
1375 808 1394 829 «
1442 791 1583 832 vicum
1615 791 1726 832 ultra

240 876 418 924 pontem
450 875 649 907 vocatum
682 866 837 925 gallice
869 885 887 904 «
920 883 998 907 rue
1033 867 1089 907 du
1122 868 1313 908 Fouarre
1337 885 1376 919 »7‚
1402 868 1569 908 catenis
1590 868 1730 909 claus-

239 945 406 1000 trisque
453 943 700 1000 perfractis,
752 943 1091 1000 frequentabant
1125 945 1267 1000 turpia
1310 944 1402 985 loca
1449 953 1521 985 aut
1557 954 1729 1001 praete·-

240 1030 437 1062 reuntem
473 1021 723 1078 quempiam
765 1020 1061 1062 invadebant?
1102 1021 1167 1062 An
1198 1022 1359 1078 potius,
1392 1022 1567 1063 illorum
1609 1038 1728 1063 more

239 1099 311 1155 qui
342 1098 496 1154 plenos
538 1097 706 1138 loculos
741 1098 983 1147 habebant,
1010 1098 1261 1139 ambulabat
1290 1115 1367 1154 per
1395 1099 1512 1140 vicos
1541 1108 1583 1140 et
1611 1115 1730 1140 com-

239 1177 327 1232 pita
352 1192 497 1216 secum
526 1176 705 1215 trahens
734 1175 977 1215 famelicam
1012 1176 1193 1216 fratrum
1222 1177 1412 1227 turbam,
1438 1176 1728 1234 flagitantium

238 1253 303 1293 vel
334 1262 378 1293 ut
410 1253 493 1309 ipsi
524 1252 720 1293 famulari
750 1252 918 1300 liceret,
943 1252 1009 1293 vel
1034 1261 1080 1292 ut
1107 1254 1236 1293 tritus
1267 1269 1345 1294 usu
1375 1269 1545 1309 pannus
1570 1253 1729 1310 aliquis

239 1330 354 1370 dono
379 1330 461 1370 sibi
481 1329 673 1378 daretur,
701 1338 758 1378 et,
791 1329 957 1369 assidui
989 1330 1298 1387 magistrmwim
1331 1330 1570 1378 auditores,
1596 1330 1647 1370 iis
1676 1329 1729 1370 ad

213 1407 350 1448 'latus
386 1407 700 1455 adhaerebant,
740 1415 967 1463 sperantes
1001 1406 1093 1446 sore
1126 1416 1172 1447 ut
1210 1423 1368 1447 nomen
1409 1407 1728 1464 discipulorum

239 1485 494 1525 obtinerent
517 1484 554 1523 ¹?
582 1483 821 1527 walterius
851 1493 992 1524 autem
1024 1484 1081 1524 ita
1110 1483 1317 1524 callidum
1353 1500 1396 1525 se
1428 1485 1650 1540 praestitit
1684 1493 1730 1525 ut

1488 1561 1726 1602 &istrorum
1764 1592 1766 1597 .

1485 1595 1510 1619 aa

239 1638 388 1679 laudes
411 1638 619 1686 celebrat,
671 1638 800 1678 modo
842 1637 979 1678 fusius
1022 1646 1197 1678 enarrat
1244 1638 1404 1694 quibus
1444 1638 1550 1678 rixis
1589 1637 1729 1678 inter-

240 1562 438 1618 utrisque
466 1562 665 1618 partibus
701 1577 745 1601 se
774 1562 1084 1610 immiscuerit;
1118 1561 1247 1601 modo
1270 1562 1385 1602 enim
1415 1577 1480 1601 ma

240 1714 385 1756 suerit.
421 1717 515 1757 Non
559 1715 693 1756 semel
740 1715 842 1755 hinc
879 1716 1079 1770 juvene5‚
1129 1715 1232 1755 hinc
1270 1715 1423 1756 Judaei
1461 1723 1729 1756 mercatores

239 1801 472 1844 steterunt,
498 1808 594 1833 cum
614 1794 701 1848 jam
728 1792 859 1832 moris
884 1800 998 1832 esset
1020 1791 1064 1831 in
1087 1792 1337 1832 hebraicam
1360 1800 1536 1849 gentem
1560 1791 1724 1842 invehi.⁴

240 1887 259 1908 (<
302 1869 580 1919 Ditissimus,
627 1870 786 1926 inquit,
830 1869 1094 1909 Judaeorum
1133 1868 1328 1909 omnium
1374 1868 1587 1909 Franciae
1628 1884 1729 1925 pro-

238 1947 481 1987 cessionem
519 1946 780 1987 clericorum
802 1946 846 1986 in
881 1946 1203 2003 Rogationibus
1235 1946 1409 1995 invasit,
1441 1953 1483 1986 et
1518 1945 1727 1986 clericum

239 2023 341 2063 inde
372 2032 543 2079 raptum
581 2024 622 2063 in
655 2023 873 2064 sentinam
905 2022 1060 2063 domus
1097 2038 1196 2063 suae
1225 2023 1430 2079 projecit,
1464 2023 1565 2078 quia
1590 2021 1726 2063 filium

238 2116 361 2141 suum
412 2100 557 2158 lapide
600 2100 791 2141 laeserit.
824 2118 844 2138 »
877 2099 963 2142 Sed
1004 2115 1132 2140 causa
1173 2099 1226 2140 ad
1267 2114 1416 2156 regem
1443 2099 1611 2156 perlata
1641 2107 1724 2149 est,

238 2178 311 2233 qui
342 2196 361 2215 α
394 2178 604 2219 Judaeum
635 2180 678 2218 in
708 2192 863 2236 rogum
893 2177 1120 2233 praecepit
1152 2177 1325 2233 projici.
1357 2175 1486 2217 Nihil.
1506 2176 1544 2216 ei
1577 2175 1728 2233 prose-

236 2264 391 2295 cerunt
418 2264 491 2295 aut
517 2255 650 2295 totius
678 2255 889 2295 Franciae
921 2269 1074 2310 preces
1107 2262 1179 2294 aut
1207 2253 1351 2293 omnia
1381 2252 1551 2293 Juda'i'ci
1572 2252 1726 2309 populi

236 2331 372 2371 millia
395 2331 675 2372 talentorum.
711 2350 732 2371 »

295 2408 538 2448 Ludovicus
566 2409 779 2465 septimus
801 2408 870 2449 his
894 2407 1255 2448 memorabilibus
1279 2415 1320 2447 et
1346 2415 1496 2447 nostro
1526 2414 1725 2462 tempore

235 2484 510 2542 dignissimis
533 2485 678 2525 verbis
708 2484 939 2542 respondit
965 2501 971 2524 :
1006 2502 1026 2523 «
1060 2484 1170 2526 Volo
1197 2483 1337 2525 sciant
1367 2482 1519 2524 Judaei
1549 2497 1678 2523 canes
1705 2497 1728 2522 a

236 2562 588 2603 Christianorum
611 2562 970 2618 processionibus
992 2560 1209 2602 arcendos
1226 2561 1237 2581 ²
1260 2578 1300 2601 )).
1326 2561 1422 2601 Non
1446 2559 1581 2601 semel
1609 2558 1725 2599 inter

233 2638 417 2678 clericos
446 2638 667 2695 laicosque
691 2638 915 2679 contentio
939 2639 982 2679 in
1001 2637 1092 2678 veri
1115 2636 1307 2678 nominis
1330 2635 1547 2692 proelium
1575 2634 1721 2675 desiit.

274 2783 302 2813 ‘l.
326 2784 469 2821 Thurot,
498 2794 550 2824 op.
579 2783 648 2817 cit.,
672 2794 705 2823 p.
734 2784 785 2820 39,
807 2783 857 2812 [ΛΟ.
882 2783 1020 2812 Boetius
1046 2793 1050 2812 :
1077 2784 1124 2812 De
1147 2781 1330 2823 disciplina
1359 2780 1562 2817 scholarum,
1593 2790 1628 2820 p.
1651 2781 1723 2817 870,

229 2832 302 2868 975,
327 2834 398 2862 aso.

273 2879 300 2908 2.
327 2881 373 2909 De
394 2879 512 2919 Nugis,
538 2889 570 2919 p.
598 2880 671 2909 217.
