1873 3329
0 0 67 240 f

0 250 4 269 i
372 242 674 269 FABULOSARUM
711 243 1014 270 NAnnATIONUM
1051 244 1280 270 SCRIPTORE
1521 245 1576 274 127

94 331 188 380 Hic,
213 329 342 387 paulo
370 337 484 385 post,
509 328 611 368 dum
642 327 754 369 ludit
775 345 872 370 cum
909 346 1040 371 uxore
1070 329 1345 377 latrunculis.
1376 343 1578 375 avocatus

92 407 138 449 in
171 423 281 464 opus
316 406 454 465 magis
489 405 666 451 serium.
699 406 773 446 uni
808 421 828 446 e
864 405 953 446 suis
993 415 1140 463 partes
1169 423 1268 448 suas
1306 410 1579 466 suscipiendi

91 499 238 526 curam
264 483 498 524 commisit.
529 502 546 519 υ
576 483 682 523 Cum
707 498 813 539 crgo
832 482 956 538 (haec
979 482 1233 536 walterius}
1258 484 1433 527 (lomina
1455 488 1579 529 vicis-

91 569 172 609 set,
199 560 257 601 ait
276 559 403 600 militi
422 574 567 600 secum
587 558 753 599 ludenti
777 575 784 599 :
807 576 827 597 «
852 559 946 600 Non
972 560 1070 607 tibi,
1091 559 1167 601 sed
1190 562 1285 601 orbi
1312 562 1399 603 filio
1422 575 1515 605 mac
1538 584 1575 606 n.

91 637 218 691 Quod
258 636 601 693 improperium¹
631 650 727 675 cum
770 636 1090 693 aequanimiter
1129 636 1241 678 ferre
1283 654 1368 679 non
1411 651 1574 696 posset,

89 730 227 772 gener
259 713 400 754 soceri
432 728 559 770 agros
595 710 775 760 invadit,
807 712 941 753 instat
972 712 1193 771 vestigiis2
1227 731 1248 755 e
1280 714 1375 756 loco
1405 728 1574 765 sancto,

91 790 134 832 in
163 807 292 848 quem
321 790 596 845 confugerat,
629 788 835 829 miserum
866 788 1061 830 detrahit
1090 807 1128 839 »,
1155 799 1196 831 et
1223 807 1369 832 coram
1394 794 1574 836 ccclesia

87 867 358 926 genitalibus
386 866 527 923 privat
558 874 600 906 et
629 864 784 913 oculis,
811 865 970 907 ablatis
1002 882 1148 908 secum
1178 868 1222 908 in
1257 870 1421 911 manica
1452 872 1577 913 sinis-

87 953 153 986 tra
181 944 319 986 oculis
351 952 393 985 et
419 942 704 1001 genitalibUS,
737 942 876 983 celato
905 951 947 984 et
975 943 1088 985 sacto
1119 953 1160 986 et
1192 946 1437 1003 propositO,
1470 948 1578 990 facie

88 1020 216 1062 hilari
251 1029 290 1061 et
323 1022 490 1077 jocosa,
527 1019 703 1061 demum
745 1036 946 1062 reversus
980 1036 1076 1061 cum
1118 1037 1250 1063 uxore
1289 1024 1489 1066 considet
1525 1026 1579 1067 ad

88 1112 280 1147 scaccos,
318 1105 377 1148 et,
416 1097 599 1138 obtento
640 1096 759 1147 ludo,
808 1113 939 1153 super
985 1099 1249 1140 scaccarium
1289 1101 1498 1157 genitalia
1536 1112 1579 1143 et

86 1174 236 1216 oculos
263 1174 457 1231 projicit,
484 1173 636 1215 dicens
659 1173 777 1231 quod
801 1174 853 1214 ab
876 1174 970 1231 ipsa
992 1174 1208 1216 didicerat
1234 1193 1241 1216 :
1269 1195 1289 1215 «
1320 1177 1457 1219 Filiae
1482 1180 1578 1220 orbi

86 1251 184 1293 dico
212 1262 304 1292 mat
325 1252 337 1273 ²
361 1269 400 1294 ».
431 1252 478 1293 Si
500 1251 598 1308 quis
621 1251 984 1292 contumeliosam
1006 1268 1156 1293 vocem
1180 1253 1378 1304 dixisset,
1405 1255 1440 1295 si
1469 1255 1575 1309 quid

86 1328 336 1370 inconsulto
369 1337 496 1388 gestu
532 1336 774 1385 peccasset,
818 1337 863 1368 ut
906 1328 969 1369 illi
1009 1329 1169 1371 accidit
1206 1331 1280 1387 qui
1320 1348 1392 1372 vas
1431 1332 1571 1383 lactis,

85 1420 260 1446 mensae
297 1405 596 1456 discumbens,
637 1405 680 1446 in
721 1405 920 1462 proxime
955 1406 1150 1447 sedentis
1190 1407 1397 1450 humeros
1432 1408 1574 1451 offun-

83 1482 208 1523 deret
228 1483 257 1534 ³,
283 1483 429 1524 statim
457 1482 637 1523 robusta
660 1482 911 1540 fervidaque
938 1499 1138 1541 corpora,
1165 1485 1311 1526 statim
1339 1494 1509 1528 atroces
1532 1496 1575 1528 et

83 1559 198 1599 saevi
221 1559 354 1600 animi
381 1574 539 1616 magno
568 1559 772 1599 indomiti
796 1559 957 1601 suroris
978 1568 1098 1601 aestu
1122 1560 1349 1603 fluctuant.
1370 1562 1438 1604 llli
1461 1579 1574 1604 sem-

82 1651 161 1692 per
182 1636 225 1676 in
244 1644 449 1693 promptu
467 1636 637 1696 gladios
651 1636 838 1686 habent3
856 1636 953 1677 illos
967 1639 1088 1694 juvat
1107 1638 1322 1680 bellorum
1342 1639 1510 1699 imago3
1531 1642 1574 1682 in

82 1728 308 1754 sermones
336 1713 536 1770 quotidie
561 1713 749 1754 recurrit
778 1729 924 1754 rerum
951 1723 1175 1771 gestarum
1199 1717 1432 1767 memoria;
1464 1718 1575 1758 nihil

82 1789 224 1830 acrius
260 1789 437 1831 student
479 1805 607 1847 quam
639 1789 888 1832 horrendae
918 1791 1135 1832 bellorum
1171 1792 1332 1834 clades.
1372 1793 1457 1847 Qui
1492 1795 1575 1835 iter

81 1867 283 1923 suscipit,
314 1883 431 1908 arma
457 1883 630 1924 semper
659 1867 793 1908 habet
820 1876 986 1924 parata,
1018 1884 1072 1909 ne
1101 1869 1199 1926 quis
1228 1870 1512 1930 aggrediatur
1534 1873 1572 1922 ³3

81 1944 156 2000 qui
176 1953 360 2002 pugnat,
392 1945 558 1996 hostes,
592 1953 637 1985 ut
664 1944 807 1995 decet,
832 1945 1084 2002 opprimere
1111 1946 1217 1987 totis
1245 1946 1414 1988 viribus
1442 1964 1574 1990 cona-

78 2028 149 2062 tur
182 2023 216 2071 5;
253 2022 328 2079 qui
366 2021 576 2063 ultionem
618 2022 671 2062 ab
706 2022 885 2064 inimico
919 2023 1097 2079 repetit,
1134 2039 1322 2080 poenam
1362 2025 1436 2066 isti
1472 2027 1572 2082 jure

80 2097 234 2139 merito
263 2098 520 2155 quamlibet,
551 2097 619 2139 vel
651 2099 868 2155 exquisita
892 2099 1108 2156 supplicia
1130 2099 1314 2158 irrogat,
1341 2110 1389 2142 ut
1416 2118 1571 2159 ampu-

77 2183 170 2215 tare
193 2175 418 2232 genitalia,
438 2175 588 2217 fodere
604 2175 773 2227 oculos,
792 2177 972 2233 Mappio
993 2185 1122 2228 teste,
1149 2186 1191 2218 et
1214 2178 1256 2218 in
1279 2179 1566 2231 Normannia,

79 2250 180 2291 etin
196 2252 435 2305 Lusitania,
453 2252 551 2294 etin
564 2252 779 2296 wallensi
795 2269 909 2311 pago
922 2254 935 2275 ⁶
948 2254 1176 2312 egregium
1188 2264 1286 2296 ante
1301 2255 1384 2296 alia
1401 2255 1568 2298 facinus

78 2343 172 2369 esse
188 2328 402 2380 videatur,
428 2331 590 2371 etenim
613 2330 829 2372 serviebat
850 2331 1119 2381 necessitati,
1142 2331 1365 2390 legitimae
1387 2334 1570 2390 parebat

78 2406 327 2462 superbiae,
340 2407 561 2464 voluptate
575 2407 1115 2464 sruebaturquibellorum
1136 2409 1273 2450 amori
1291 2409 1565 2468 indulgebat.

170 2566 225 2597 Sic
247 2566 282 2596 in
306 2566 444 2607 Wright
463 2567 626 2598 editione.

141 2638 150 2646 .
171 2616 218 2644 De
239 2614 360 2655 Nugls,
376 2625 411 2655 p.
431 2615 502 2646 186.

168 2661 268 2698 thid„
290 2672 325 2702 p.
348 2662 418 2693 188.

139 2732 146 2739 .
168 2709 270 2749 lbid„
291 2720 326 2750 p.
349 2709 419 2740 180.

168 2756 271 2793 Ibid.,
291 2768 326 2798 p.
345 2757 418 2787 189.

167 2803 269 2842 lbid.‚
290 2814 325 2844 p.
344 2804 394 2840 19,
415 2804 485 2839 186,
505 2807 568 2835 etc.

114 2567 147 2834 passm?
