<?xml version="1.0" encoding="UTF-8"?>
<!DOCTYPE html PUBLIC "-//W3C//DTD XHTML 1.0 Transitional//EN"
    "http://www.w3.org/TR/xhtml1/DTD/xhtml1-transitional.dtd">
<html xmlns="http://www.w3.org/1999/xhtml" xml:lang="en" lang="en">
 <head>
  <title>
</title>
<meta http-equiv="Content-Type" content="text/html;charset=utf-8" />
  <meta name='ocr-system' content='tesseract 3.04.00' />
  <meta name='ocr-capabilities' content='ocr_page ocr_carea ocr_par ocr_line ocrx_word'/>
</head>
<body>
  <div class='ocr_page' id='page_1' title='image "./dewalteriomappio00barduoft_0216.png"; bbox 0 0 1842 3288; ppageno 0'>
   <div class='ocr_carea' id='block_1_1' title="bbox 213 346 1206 376">
    <p class='ocr_par' dir='ltr' id='par_1_1' title="bbox 213 346 1206 376">
     <span class='ocr_line' id='line_1_1' title="bbox 213 346 1206 376; baseline 0 -2"><span class='ocrx_word' id='word_1_1' title='bbox 213 346 272 374; x_wconf 79' lang='lat'>200</span> <span class='ocrx_word' id='word_1_2' title='bbox 710 351 761 375; x_wconf 88' lang='lat' dir='ltr'>DE</span> <span class='ocrx_word' id='word_1_3' title='bbox 794 349 1016 376; x_wconf 77' lang='lat' dir='ltr'>WALTEnlo</span> <span class='ocrx_word' id='word_1_4' title='bbox 1051 349 1206 374; x_wconf 76' lang='lat' dir='ltr'>MAPPlo</span> 
     </span>
    </p>
   </div>
   <div class='ocr_carea' id='block_1_2' title="bbox 216 433 1704 876">
    <p class='ocr_par' dir='ltr' id='par_1_2' title="bbox 216 433 1704 876">
     <span class='ocr_line' id='line_1_2' title="bbox 216 433 1698 490; baseline -0.002 -15"><span class='ocrx_word' id='word_1_5' title='bbox 216 435 364 484; x_wconf 85' lang='lat' dir='ltr'>tionis,</span> <span class='ocrx_word' id='word_1_6' title='bbox 404 444 717 490; x_wconf 82' lang='lat' dir='ltr'>pervenerunt,</span> <span class='ocrx_word' id='word_1_7' title='bbox 749 444 852 476; x_wconf 82' lang='lat' dir='ltr'>tunc</span> <span class='ocrx_word' id='word_1_8' title='bbox 888 435 1055 475; x_wconf 89' lang='lat' dir='ltr'>artibus</span> <span class='ocrx_word' id='word_1_9' title='bbox 1096 433 1322 475; x_wconf 83' lang='lat' dir='ltr'>litterariis</span> <span class='ocrx_word' id='word_1_10' title='bbox 1357 433 1566 474; x_wconf 87' lang='lat' dir='ltr'>adhibitis</span> <span class='ocrx_word' id='word_1_11' title='bbox 1600 448 1698 473; x_wconf 90' lang='lat' dir='ltr'>vere</span> 
     </span>
     <span class='ocr_line' id='line_1_3' title="bbox 218 509 1700 569; baseline -0.002 -17"><span class='ocrx_word' id='word_1_12' title='bbox 218 512 391 552; x_wconf 80' lang='lat' dir='ltr'>attoniti</span> <span class='ocrx_word' id='word_1_13' title='bbox 429 511 537 552; x_wconf 87' lang='lat' dir='ltr'>nihil</span> <span class='ocrx_word' id='word_1_14' title='bbox 587 512 704 553; x_wconf 84' lang='lat' dir='ltr'>aliud</span> <span class='ocrx_word' id='word_1_15' title='bbox 746 513 789 553; x_wconf 87' lang='lat' dir='ltr'>in</span> <span class='ocrx_word' id='word_1_16' title='bbox 832 513 899 553; x_wconf 90' lang='lat' dir='ltr'>his</span> <span class='ocrx_word' id='word_1_17' title='bbox 937 512 1111 569; x_wconf 73' lang='lat' dir='ltr'>paginis</span> <span class='ocrx_word' id='word_1_18' title='bbox 1148 511 1390 567; x_wconf 88' lang='lat' dir='ltr'>reperimus</span> <span class='ocrx_word' id='word_1_19' title='bbox 1425 510 1509 551; x_wconf 88' lang='lat' dir='ltr'>nisi</span> <span class='ocrx_word' id='word_1_20' title='bbox 1545 509 1700 566; x_wconf 81' lang='lat' dir='ltr'>frigida</span> 
     </span>
     <span class='ocr_line' id='line_1_4' title="bbox 219 587 1702 647; baseline -0.001 -18"><span class='ocrx_word' id='word_1_21' title='bbox 219 589 461 630; x_wconf 83' lang='lat' dir='ltr'>rhetorices</span> <span class='ocrx_word' id='word_1_22' title='bbox 484 598 718 645; x_wconf 85' lang='lat' dir='ltr'>praecepta</span> <span class='ocrx_word' id='word_1_23' title='bbox 748 607 768 630; x_wconf 90' lang='lat' dir='ltr'>a</span> <span class='ocrx_word' id='word_1_24' title='bbox 791 590 882 630; x_wconf 82' lang='lat' dir='ltr'>viro</span> <span class='ocrx_word' id='word_1_25' title='bbox 913 590 1143 647; x_wconf 81' lang='lat' dir='ltr'>ingenioso</span> <span class='ocrx_word' id='word_1_26' title='bbox 1174 587 1332 629; x_wconf 88' lang='lat' dir='ltr'>callide</span> <span class='ocrx_word' id='word_1_27' title='bbox 1354 595 1593 628; x_wconf 87' lang='lat' dir='ltr'>contracta.</span> <span class='ocrx_word' id='word_1_28' title='bbox 1625 587 1702 627; x_wconf 84' lang='lat' dir='ltr'>Hic</span> 
     </span>
     <span class='ocr_line' id='line_1_5' title="bbox 218 664 1701 723; baseline -0.003 -17"><span class='ocrx_word' id='word_1_29' title='bbox 218 666 349 706; x_wconf 89' lang='lat' dir='ltr'>trium</span> <span class='ocrx_word' id='word_1_30' title='bbox 386 666 558 722; x_wconf 88' lang='lat' dir='ltr'>piorum</span> <span class='ocrx_word' id='word_1_31' title='bbox 594 666 823 707; x_wconf 85' lang='lat' dir='ltr'>doctorum</span> <span class='ocrx_word' id='word_1_32' title='bbox 866 674 1128 723; x_wconf 74' lang='lat' dir='ltr'>apparentes</span> <span class='ocrx_word' id='word_1_33' title='bbox 1159 666 1354 715; x_wconf 83' lang='lat' dir='ltr'>umbrae,</span> <span class='ocrx_word' id='word_1_34' title='bbox 1384 664 1474 705; x_wconf 91' lang='lat' dir='ltr'>illic</span> <span class='ocrx_word' id='word_1_35' title='bbox 1518 664 1701 704; x_wconf 85' lang='lat' dir='ltr'>duorum</span> 
     </span>
     <span class='ocr_line' id='line_1_6' title="bbox 221 740 1704 800; baseline -0.001 -18"><span class='ocrx_word' id='word_1_36' title='bbox 221 742 397 799; x_wconf 76' lang='lat' dir='ltr'>Olympi</span> <span class='ocrx_word' id='word_1_37' title='bbox 431 743 657 784; x_wconf 88' lang='lat' dir='ltr'>numinum</span> <span class='ocrx_word' id='word_1_38' title='bbox 694 744 862 784; x_wconf 90' lang='lat' dir='ltr'>auctori</span> <span class='ocrx_word' id='word_1_39' title='bbox 885 759 993 800; x_wconf 87' lang='lat' dir='ltr'>opus</span> <span class='ocrx_word' id='word_1_40' title='bbox 1024 752 1124 783; x_wconf 82' lang='lat' dir='ltr'>sunt</span> <span class='ocrx_word' id='word_1_41' title='bbox 1158 742 1211 783; x_wconf 88' lang='lat' dir='ltr'>ad</span> <span class='ocrx_word' id='word_1_42' title='bbox 1239 741 1515 799; x_wconf 84' lang='lat' dir='ltr'>probandum</span> <span class='ocrx_word' id='word_1_43' title='bbox 1548 740 1704 781; x_wconf 89' lang='lat' dir='ltr'>melius</span> 
     </span>
     <span class='ocr_line' id='line_1_7' title="bbox 221 818 1536 876; baseline -0.001 -17"><span class='ocrx_word' id='word_1_44' title='bbox 221 835 316 860; x_wconf 75' lang='lat' dir='ltr'>csse</span> <span class='ocrx_word' id='word_1_45' title='bbox 337 835 516 860; x_wconf 86' lang='lat' dir='ltr'>uxorem</span> <span class='ocrx_word' id='word_1_46' title='bbox 546 835 631 860; x_wconf 79' lang='lat' dir='ltr'>non</span> <span class='ocrx_word' id='word_1_47' title='bbox 660 820 839 867; x_wconf 86' lang='lat' dir='ltr'>ducere,</span> <span class='ocrx_word' id='word_1_48' title='bbox 872 828 914 860; x_wconf 88' lang='lat' dir='ltr'>et</span> <span class='ocrx_word' id='word_1_49' title='bbox 936 836 1090 876; x_wconf 82' lang='lat' dir='ltr'>aquam</span> <span class='ocrx_word' id='word_1_50' title='bbox 1121 835 1222 876; x_wconf 87' lang='lat' dir='ltr'>prae</span> <span class='ocrx_word' id='word_1_51' title='bbox 1245 819 1346 859; x_wconf 65' lang='lat' dir='ltr'>vino</span> <span class='ocrx_word' id='word_1_52' title='bbox 1368 818 1536 858; x_wconf 86' lang='lat' dir='ltr'>bibere.</span> 
     </span>
    </p>
   </div>
   <div class='ocr_carea' id='block_1_3' title="bbox 281 892 1703 970">
    <p class='ocr_par' dir='ltr' id='par_1_3' title="bbox 281 892 1703 970">
     <span class='ocr_line' id='line_1_8' title="bbox 281 892 1703 953; baseline -0.002 -16"><span class='ocrx_word' id='word_1_53' title='bbox 281 898 325 937; x_wconf 91' lang='lat' dir='ltr'>In</span> <span class='ocrx_word' id='word_1_54' title='bbox 369 912 453 936; x_wconf 88' lang='lat' dir='ltr'>uno</span> <span class='ocrx_word' id='word_1_55' title='bbox 488 905 704 952; x_wconf 77' lang='lat' dir='ltr'>poemate,</span> <span class='ocrx_word' id='word_1_56' title='bbox 738 896 906 937; x_wconf 83' lang='lat' dir='ltr'>scilicet</span> <span class='ocrx_word' id='word_1_57' title='bbox 941 896 1288 953; x_wconf 61' lang='lat' dir='ltr'>Metammplmsi</span> <span class='ocrx_word' id='word_1_58' title='bbox 1328 895 1481 936; x_wconf 69' lang='lat' dir='ltr'>(Joliae</span> <span class='ocrx_word' id='word_1_59' title='bbox 1511 892 1703 950; x_wconf 60' lang='lat' dir='ltr'>episcosi,</span> 
     </span>
     <span class='ocr_line' id='line_1_9' title="bbox 1645 951 1654 970; baseline 0 0"><span class='ocrx_word' id='word_1_60' title='bbox 1645 951 1654 970; x_wconf 83' lang='lat' dir='ltr'>l</span> 
     </span>
    </p>
   </div>
   <div class='ocr_carea' id='block_1_4' title="bbox 222 970 1775 1031">
    <p class='ocr_par' dir='ltr' id='par_1_4' title="bbox 222 970 1775 1031">
     <span class='ocr_line' id='line_1_10' title="bbox 222 970 1775 1031; baseline -0.005 -15"><span class='ocrx_word' id='word_1_61' title='bbox 222 975 290 1016; x_wconf 76' lang='lat' dir='ltr'>W.</span> <span class='ocrx_word' id='word_1_62' title='bbox 312 973 516 1029; x_wconf 84' lang='lat' dir='ltr'>Mappius</span> <span class='ocrx_word' id='word_1_63' title='bbox 533 974 762 1013; x_wconf 81' lang='lat' dir='ltr'>acervatim</span> <span class='ocrx_word' id='word_1_64' title='bbox 780 973 975 1031; x_wconf 72' lang='lat' dir='ltr'>congerit</span> <span class='ocrx_word' id='word_1_65' title='bbox 995 973 1186 1013; x_wconf 89' lang='lat' dir='ltr'>nemoris</span> <span class='ocrx_word' id='word_1_66' title='bbox 1203 972 1410 1013; x_wconf 88' lang='lat' dir='ltr'>incantati</span> <span class='ocrx_word' id='word_1_67' title='bbox 1427 973 1453 1019; x_wconf 87' lang='lat'>¹,</span> <span class='ocrx_word' id='word_1_68' title='bbox 1471 970 1706 1030; x_wconf 74' lang='lat' dir='ltr'>regiaeque</span> <span class='ocrx_word' id='word_1_69' title='bbox 1736 1011 1737 1014; x_wconf 65' lang='grc'>,</span> <span class='ocrx_word' id='word_1_70' title='bbox 1771 1004 1775 1009; x_wconf 28' lang='lat' dir='ltr'><em>ff</em></span> 
     </span>
    </p>
   </div>
   <div class='ocr_carea' id='block_1_5' title="bbox 223 1049 1710 1107">
    <p class='ocr_par' dir='ltr' id='par_1_5' title="bbox 223 1049 1710 1107">
     <span class='ocr_line' id='line_1_11' title="bbox 223 1049 1710 1107; baseline -0.001 -17"><span class='ocrx_word' id='word_1_71' title='bbox 223 1051 429 1091; x_wconf 76' lang='lat' dir='ltr'>arcanae&#39;2</span> <span class='ocrx_word' id='word_1_72' title='bbox 470 1049 811 1107; x_wconf 74' lang='lat' dir='ltr'>descriptiones,</span> <span class='ocrx_word' id='word_1_73' title='bbox 849 1050 1008 1091; x_wconf 78' lang='lat' dir='ltr'>deinde</span> <span class='ocrx_word' id='word_1_74' title='bbox 1043 1050 1298 1107; x_wconf 75' lang='lat' dir='ltr'>allegoriam</span> <span class='ocrx_word' id='word_1_75' title='bbox 1314 1051 1326 1071; x_wconf 75' lang='lat'>²³</span> <span class='ocrx_word' id='word_1_76' title='bbox 1360 1049 1540 1090; x_wconf 89' lang='lat' dir='ltr'>omnino</span> <span class='ocrx_word' id='word_1_77' title='bbox 1580 1049 1710 1090; x_wconf 86' lang='lat' dir='ltr'>intri—</span> 
     </span>
    </p>
   </div>
   <div class='ocr_carea' id='block_1_6' title="bbox 223 1126 1726 2187">
    <p class='ocr_par' dir='ltr' id='par_1_6' title="bbox 223 1126 1726 2187">
     <span class='ocr_line' id='line_1_12' title="bbox 223 1126 1710 1184; baseline -0.001 -17"><span class='ocrx_word' id='word_1_78' title='bbox 223 1135 378 1177; x_wconf 84' lang='lat' dir='ltr'>catam,</span> <span class='ocrx_word' id='word_1_79' title='bbox 419 1126 605 1183; x_wconf 86' lang='lat' dir='ltr'>ideoque</span> <span class='ocrx_word' id='word_1_80' title='bbox 645 1142 743 1168; x_wconf 79' lang='lat' dir='ltr'>vere</span> <span class='ocrx_word' id='word_1_81' title='bbox 783 1126 1175 1184; x_wconf 77' lang='lat' dir='ltr'>inintelligibilem,</span> <span class='ocrx_word' id='word_1_82' title='bbox 1211 1126 1413 1183; x_wconf 64' lang='lat' dir='ltr'>Olympi&#39;*</span> <span class='ocrx_word' id='word_1_83' title='bbox 1450 1134 1492 1166; x_wconf 87' lang='lat' dir='ltr'>et</span> <span class='ocrx_word' id='word_1_84' title='bbox 1526 1126 1710 1182; x_wconf 88' lang='lat' dir='ltr'>Campo-</span> 
     </span>
     <span class='ocr_line' id='line_1_13' title="bbox 225 1203 1709 1260; baseline -0.001 -16"><span class='ocrx_word' id='word_1_85' title='bbox 225 1220 320 1244; x_wconf 90' lang='lat' dir='ltr'>rum</span> <span class='ocrx_word' id='word_1_86' title='bbox 349 1203 623 1260; x_wconf 73' lang='lat' dir='ltr'>Elysiorum⁵</span> <span class='ocrx_word' id='word_1_87' title='bbox 653 1204 885 1260; x_wconf 76' lang='lat' dir='ltr'>picturam,</span> <span class='ocrx_word' id='word_1_88' title='bbox 918 1203 1092 1244; x_wconf 85' lang='lat' dir='ltr'>tandem</span> <span class='ocrx_word' id='word_1_89' title='bbox 1122 1204 1262 1244; x_wconf 86' lang='lat' dir='ltr'>tribus</span> <span class='ocrx_word' id='word_1_90' title='bbox 1292 1211 1332 1243; x_wconf 89' lang='lat' dir='ltr'>et</span> <span class='ocrx_word' id='word_1_91' title='bbox 1359 1203 1516 1260; x_wconf 85' lang='lat' dir='ltr'>viginti</span> <span class='ocrx_word' id='word_1_92' title='bbox 1542 1211 1709 1243; x_wconf 90' lang='lat' dir='ltr'>tantum</span> 
     </span>
     <span class='ocr_line' id='line_1_14' title="bbox 224 1280 1713 1337; baseline -0.001 -15"><span class='ocrx_word' id='word_1_93' title='bbox 224 1281 422 1322; x_wconf 79' lang='lat' dir='ltr'>v&#39;ersibus</span> <span class='ocrx_word' id='word_1_94' title='bbox 461 1280 647 1321; x_wconf 78' lang='lat' dir='ltr'>absolvit</span> <span class='ocrx_word' id='word_1_95' title='bbox 693 1281 1026 1321; x_wconf 81' lang='lat' dir='ltr'>insectationem</span> <span class='ocrx_word' id='word_1_96' title='bbox 1076 1281 1431 1330; x_wconf 77' lang='lat' dir='ltr'>m‹)nachorum⁰,</span> <span class='ocrx_word' id='word_1_97' title='bbox 1472 1280 1589 1337; x_wconf 85' lang='lat' dir='ltr'>quod</span> <span class='ocrx_word' id='word_1_98' title='bbox 1629 1280 1713 1320; x_wconf 88' lang='lat' dir='ltr'>sibi</span> 
     </span>
     <span class='ocr_line' id='line_1_15' title="bbox 226 1356 1714 1415; baseline -0.001 -16"><span class='ocrx_word' id='word_1_99' title='bbox 226 1359 354 1399; x_wconf 87' lang='lat' dir='ltr'>unice</span> <span class='ocrx_word' id='word_1_100' title='bbox 395 1367 704 1415; x_wconf 80' lang='lat' dir='ltr'>proposuerat.</span> <span class='ocrx_word' id='word_1_101' title='bbox 748 1358 1039 1415; x_wconf 54' lang='lat' dir='ltr'>Apocalypsis</span> <span class='ocrx_word' id='word_1_102' title='bbox 1081 1365 1222 1398; x_wconf 88' lang='lat' dir='ltr'>autem</span> <span class='ocrx_word' id='word_1_103' title='bbox 1262 1365 1326 1398; x_wconf 88' lang='lat' dir='ltr'>est</span> <span class='ocrx_word' id='word_1_104' title='bbox 1364 1356 1604 1398; x_wconf 82' lang='lat' dir='ltr'>rhetorices</span> <span class='ocrx_word' id='word_1_105' title='bbox 1645 1373 1714 1397; x_wconf 88' lang='lat' dir='ltr'>ar-</span> 
     </span>
     <span class='ocr_line' id='line_1_16' title="bbox 227 1433 1714 1492; baseline -0.002 -15"><span class='ocrx_word' id='word_1_106' title='bbox 227 1437 335 1478; x_wconf 90' lang='lat' dir='ltr'>tium</span> <span class='ocrx_word' id='word_1_107' title='bbox 359 1436 485 1492; x_wconf 89' lang='lat' dir='ltr'>quasi</span> <span class='ocrx_word' id='word_1_108' title='bbox 514 1452 681 1476; x_wconf 90' lang='lat' dir='ltr'>summa</span> <span class='ocrx_word' id='word_1_109' title='bbox 707 1435 901 1492; x_wconf 79' lang='lat' dir='ltr'>perfecta</span> <span class='ocrx_word' id='word_1_110' title='bbox 934 1452 941 1474; x_wconf 89' lang='lat'>:</span> <span class='ocrx_word' id='word_1_111' title='bbox 968 1434 1038 1475; x_wconf 84' lang='lat' dir='ltr'>hic</span> <span class='ocrx_word' id='word_1_112' title='bbox 1067 1434 1262 1490; x_wconf 88' lang='lat' dir='ltr'>reperire</span> <span class='ocrx_word' id='word_1_113' title='bbox 1286 1442 1351 1474; x_wconf 86' lang='lat' dir='ltr'>est</span> <span class='ocrx_word' id='word_1_114' title='bbox 1372 1433 1490 1474; x_wconf 84' lang='lat' dir='ltr'>locos</span> <span class='ocrx_word' id='word_1_115' title='bbox 1513 1434 1714 1490; x_wconf 89' lang='lat' dir='ltr'>antiquo-</span> 
     </span>
     <span class='ocr_line' id='line_1_17' title="bbox 229 1510 1715 1570; baseline -0.002 -16"><span class='ocrx_word' id='word_1_116' title='bbox 229 1530 322 1554; x_wconf 87' lang='lat' dir='ltr'>rum</span> <span class='ocrx_word' id='word_1_117' title='bbox 373 1513 570 1561; x_wconf 83' lang='lat' dir='ltr'>citat0s7,</span> <span class='ocrx_word' id='word_1_118' title='bbox 623 1512 963 1570; x_wconf 33' lang='lat' dir='ltr'>apparitiones&amp;</span> <span class='ocrx_word' id='word_1_119' title='bbox 1027 1510 1286 1568; x_wconf 75' lang='lat' dir='ltr'>symbolicas</span> <span class='ocrx_word' id='word_1_120' title='bbox 1334 1510 1535 1570; x_wconf 76' lang='lat' dir='ltr'>figuras⁹,</span> <span class='ocrx_word' id='word_1_121' title='bbox 1591 1510 1715 1570; x_wconf 84' lang='lat' dir='ltr'>signa</span> 
     </span>
     <span class='ocr_line' id='line_1_18' title="bbox 231 1588 1718 1648; baseline -0.003 -16"><span class='ocrx_word' id='word_1_122' title='bbox 231 1590 518 1648; x_wconf 70' lang='lat' dir='ltr'>Apocalypsis</span> <span class='ocrx_word' id='word_1_123' title='bbox 536 1591 577 1641; x_wconf 85' lang='lat'>¹⁰,</span> <span class='ocrx_word' id='word_1_124' title='bbox 603 1590 835 1648; x_wconf 79' lang='lat' dir='ltr'>allegorias</span> <span class='ocrx_word' id='word_1_125' title='bbox 854 1591 895 1639; x_wconf 89' lang='lat'>¹¹,</span> <span class='ocrx_word' id='word_1_126' title='bbox 929 1598 969 1630; x_wconf 87' lang='lat' dir='ltr'>et</span> <span class='ocrx_word' id='word_1_127' title='bbox 999 1588 1127 1629; x_wconf 89' lang='lat' dir='ltr'>etiam</span> <span class='ocrx_word' id='word_1_128' title='bbox 1150 1588 1399 1636; x_wconf 81' lang='lat' dir='ltr'>tonitrua¹²,</span> <span class='ocrx_word' id='word_1_129' title='bbox 1425 1603 1536 1645; x_wconf 84' lang='lat' dir='ltr'>quae</span> <span class='ocrx_word' id='word_1_130' title='bbox 1556 1588 1718 1629; x_wconf 87' lang='lat' dir='ltr'>transi-</span> 
     </span>
     <span class='ocr_line' id='line_1_19' title="bbox 232 1665 1718 1722; baseline -0.003 -13"><span class='ocrx_word' id='word_1_131' title='bbox 232 1669 400 1709; x_wconf 88' lang='lat' dir='ltr'>tionum</span> <span class='ocrx_word' id='word_1_132' title='bbox 424 1669 602 1708; x_wconf 78' lang='lat' dir='ltr'>inventu</span> <span class='ocrx_word' id='word_1_133' title='bbox 633 1667 879 1708; x_wconf 89' lang='lat' dir='ltr'>difficilium</span> <span class='ocrx_word' id='word_1_134' title='bbox 902 1667 1045 1707; x_wconf 87' lang='lat' dir='ltr'>locum</span> <span class='ocrx_word' id='word_1_135' title='bbox 1072 1674 1266 1707; x_wconf 83' lang='lat' dir='ltr'>teneant.</span> <span class='ocrx_word' id='word_1_136' title='bbox 1294 1665 1410 1718; x_wconf 88' lang='lat' dir='ltr'>Quin</span> <span class='ocrx_word' id='word_1_137' title='bbox 1433 1674 1475 1706; x_wconf 85' lang='lat' dir='ltr'>et</span> <span class='ocrx_word' id='word_1_138' title='bbox 1496 1666 1568 1708; x_wconf 89' lang='lat' dir='ltr'>W.</span> <span class='ocrx_word' id='word_1_139' title='bbox 1594 1666 1718 1722; x_wconf 81' lang='lat' dir='ltr'>Map-</span> 
     </span>
     <span class='ocr_line' id='line_1_20' title="bbox 233 1741 1717 1802; baseline -0.003 -15"><span class='ocrx_word' id='word_1_140' title='bbox 233 1746 330 1802; x_wconf 88' lang='lat' dir='ltr'>pius</span> <span class='ocrx_word' id='word_1_141' title='bbox 360 1761 446 1787; x_wconf 91' lang='lat' dir='ltr'>non</span> <span class='ocrx_word' id='word_1_142' title='bbox 479 1744 645 1786; x_wconf 83' lang='lat' dir='ltr'>fastidit</span> <span class='ocrx_word' id='word_1_143' title='bbox 674 1746 816 1801; x_wconf 87' lang='lat' dir='ltr'>jocos,</span> <span class='ocrx_word' id='word_1_144' title='bbox 855 1760 933 1785; x_wconf 90' lang='lat' dir='ltr'>nec</span> <span class='ocrx_word' id='word_1_145' title='bbox 962 1743 1090 1785; x_wconf 87' lang='lat' dir='ltr'>etiam</span> <span class='ocrx_word' id='word_1_146' title='bbox 1127 1743 1302 1800; x_wconf 86' lang='lat' dir='ltr'>putidas</span> <span class='ocrx_word' id='word_1_147' title='bbox 1335 1741 1717 1792; x_wconf 79' lang='lat' dir='ltr'>alliterationes¹³;</span> 
     </span>
     <span class='ocr_line' id='line_1_21' title="bbox 237 1818 1720 1875; baseline -0.003 -11"><span class='ocrx_word' id='word_1_148' title='bbox 237 1825 290 1864; x_wconf 88' lang='lat' dir='ltr'>ita</span> <span class='ocrx_word' id='word_1_149' title='bbox 331 1832 551 1864; x_wconf 89' lang='lat' dir='ltr'>austerum</span> <span class='ocrx_word' id='word_1_150' title='bbox 597 1823 818 1863; x_wconf 89' lang='lat' dir='ltr'>rhetorem</span> <span class='ocrx_word' id='word_1_151' title='bbox 863 1821 1093 1862; x_wconf 84' lang='lat' dir='ltr'>identitem</span> <span class='ocrx_word' id='word_1_152' title='bbox 1140 1820 1354 1861; x_wconf 79' lang='lat' dir='ltr'>exhilarat</span> <span class='ocrx_word' id='word_1_153' title='bbox 1391 1818 1599 1875; x_wconf 87' lang='lat' dir='ltr'>juvenilis</span> <span class='ocrx_word' id='word_1_154' title='bbox 1636 1818 1720 1859; x_wconf 86' lang='lat' dir='ltr'>las-</span> 
     </span>
     <span class='ocr_line' id='line_1_22' title="bbox 237 1895 1721 1957; baseline -0.004 -16"><span class='ocrx_word' id='word_1_155' title='bbox 237 1902 358 1942; x_wconf 80' lang='lat' dir='ltr'>civia.</span> <span class='ocrx_word' id='word_1_156' title='bbox 397 1901 467 1943; x_wconf 85' lang='lat' dir='ltr'>W.</span> <span class='ocrx_word' id='word_1_157' title='bbox 506 1900 731 1957; x_wconf 90' lang='lat' dir='ltr'>Mappium</span> <span class='ocrx_word' id='word_1_158' title='bbox 764 1899 898 1940; x_wconf 85' lang='lat' dir='ltr'>fuisse</span> <span class='ocrx_word' id='word_1_159' title='bbox 938 1914 1038 1939; x_wconf 71' lang='lat' dir='ltr'>vere</span> <span class='ocrx_word' id='word_1_160' title='bbox 1079 1898 1260 1956; x_wconf 83' lang='lat' dir='ltr'>ingenio</span> <span class='ocrx_word' id='word_1_161' title='bbox 1297 1895 1545 1953; x_wconf 87' lang='lat' dir='ltr'>praeditum</span> <span class='ocrx_word' id='word_1_162' title='bbox 1580 1911 1631 1936; x_wconf 87' lang='lat' dir='ltr'>ex</span> <span class='ocrx_word' id='word_1_163' title='bbox 1672 1912 1721 1936; x_wconf 83' lang='lat' dir='ltr'>eo</span> 
     </span>
     <span class='ocr_line' id='line_1_23' title="bbox 238 1972 1724 2036; baseline -0.005 -16"><span class='ocrx_word' id='word_1_164' title='bbox 238 1979 473 2036; x_wconf 85' lang='lat' dir='ltr'>praecipue</span> <span class='ocrx_word' id='word_1_165' title='bbox 511 1985 697 2028; x_wconf 87' lang='lat' dir='ltr'>constat,</span> <span class='ocrx_word' id='word_1_166' title='bbox 735 1976 852 2033; x_wconf 88' lang='lat' dir='ltr'>quod</span> <span class='ocrx_word' id='word_1_167' title='bbox 885 1977 927 2016; x_wconf 92' lang='lat' dir='ltr'>in</span> <span class='ocrx_word' id='word_1_168' title='bbox 963 1976 1045 2015; x_wconf 88' lang='lat' dir='ltr'>hoc</span> <span class='ocrx_word' id='word_1_169' title='bbox 1076 1975 1206 2015; x_wconf 73' lang='lat' dir='ltr'>breviv</span> <span class='ocrx_word' id='word_1_170' title='bbox 1231 1973 1422 2015; x_wconf 87' lang='lat' dir='ltr'>carmine</span> <span class='ocrx_word' id='word_1_171' title='bbox 1458 1972 1724 2013; x_wconf 86' lang='lat' dir='ltr'>communis-</span> 
     </span>
     <span class='ocr_line' id='line_1_24' title="bbox 241 2049 1725 2112; baseline -0.005 -15"><span class='ocrx_word' id='word_1_172' title='bbox 241 2058 372 2097; x_wconf 84' lang='lat' dir='ltr'>simae</span> <span class='ocrx_word' id='word_1_173' title='bbox 402 2054 750 2112; x_wconf 85' lang='lat' dir='ltr'>explanationes,</span> <span class='ocrx_word' id='word_1_174' title='bbox 787 2053 1008 2093; x_wconf 84' lang='lat' dir='ltr'>orationes</span> <span class='ocrx_word' id='word_1_175' title='bbox 1038 2067 1167 2092; x_wconf 91' lang='lat' dir='ltr'>manu</span> <span class='ocrx_word' id='word_1_176' title='bbox 1196 2051 1347 2101; x_wconf 82' lang='lat' dir='ltr'>sactae,</span> <span class='ocrx_word' id='word_1_177' title='bbox 1379 2058 1493 2091; x_wconf 88' lang='lat' dir='ltr'>artes</span> <span class='ocrx_word' id='word_1_178' title='bbox 1521 2049 1725 2109; x_wconf 83' lang='lat' dir='ltr'>vulgatis—</span> 
     </span>
     <span class='ocr_line' id='line_1_25' title="bbox 242 2126 1726 2187; baseline -0.005 -13"><span class='ocrx_word' id='word_1_179' title='bbox 242 2135 392 2182; x_wconf 84' lang='lat' dir='ltr'>simae,</span> <span class='ocrx_word' id='word_1_180' title='bbox 422 2131 551 2173; x_wconf 84' lang='lat' dir='ltr'>simul</span> <span class='ocrx_word' id='word_1_181' title='bbox 579 2132 686 2172; x_wconf 87' lang='lat' dir='ltr'>haec</span> <span class='ocrx_word' id='word_1_182' title='bbox 708 2131 854 2171; x_wconf 90' lang='lat' dir='ltr'>omnia</span> <span class='ocrx_word' id='word_1_183' title='bbox 882 2137 1091 2187; x_wconf 81' lang='lat' dir='ltr'>congesta</span> <span class='ocrx_word' id='word_1_184' title='bbox 1113 2144 1203 2169; x_wconf 92' lang='lat' dir='ltr'>non</span> <span class='ocrx_word' id='word_1_185' title='bbox 1233 2127 1340 2168; x_wconf 89' lang='lat' dir='ltr'>adeo</span> <span class='ocrx_word' id='word_1_186' title='bbox 1364 2127 1508 2168; x_wconf 88' lang='lat' dir='ltr'>taedio</span> <span class='ocrx_word' id='word_1_187' title='bbox 1534 2134 1575 2167; x_wconf 85' lang='lat' dir='ltr'>et</span> <span class='ocrx_word' id='word_1_188' title='bbox 1603 2126 1726 2186; x_wconf 85' lang='lat' dir='ltr'>frigi-</span> 
     </span>
    </p>
   </div>
   <div class='ocr_carea' id='block_1_7' title="bbox 242 2202 1724 2261">
    <p class='ocr_par' dir='ltr' id='par_1_7' title="bbox 242 2202 1724 2261">
     <span class='ocr_line' id='line_1_26' title="bbox 242 2202 1724 2261; baseline -0.007 -9"><span class='ocrx_word' id='word_1_189' title='bbox 242 2211 377 2252; x_wconf 83' lang='lat' dir='ltr'>ditate</span> <span class='ocrx_word' id='word_1_190' title='bbox 415 2209 592 2250; x_wconf 88' lang='lat' dir='ltr'>lectoris</span> <span class='ocrx_word' id='word_1_191' title='bbox 630 2208 822 2249; x_wconf 87' lang='lat' dir='ltr'>animum</span> <span class='ocrx_word' id='word_1_192' title='bbox 862 2206 1075 2255; x_wconf 85' lang='lat' dir='ltr'>afficiunt,</span> <span class='ocrx_word' id='word_1_193' title='bbox 1119 2214 1180 2255; x_wconf 85' lang='lat' dir='ltr'>ut,</span> <span class='ocrx_word' id='word_1_194' title='bbox 1230 2205 1341 2246; x_wconf 87' lang='lat' dir='ltr'>lecta</span> <span class='ocrx_word' id='word_1_195' title='bbox 1374 2203 1514 2261; x_wconf 85' lang='lat' dir='ltr'>prima</span> <span class='ocrx_word' id='word_1_196' title='bbox 1547 2202 1724 2260; x_wconf 78' lang='lat' dir='ltr'>pagina.</span> 
     </span>
    </p>
   </div>
   <div class='ocr_carea' id='block_1_8' title="bbox 284 2347 1738 2953">
    <p class='ocr_par' dir='ltr' id='par_1_8' title="bbox 284 2347 479 2378">
     <span class='ocr_line' id='line_1_27' title="bbox 284 2347 479 2378; baseline -0.005 -2"><span class='ocrx_word' id='word_1_197' title='bbox 284 2348 313 2377; x_wconf 84' lang='lat'>1.</span> <span class='ocrx_word' id='word_1_198' title='bbox 336 2347 374 2378; x_wconf 79' lang='lat' dir='ltr'>V.</span> <span class='ocrx_word' id='word_1_199' title='bbox 400 2347 479 2376; x_wconf 78' lang='lat'>1-30.</span> 
     </span>
    </p>

    <p class='ocr_par' dir='ltr' id='par_1_9' title="bbox 285 2395 1043 2713">
     <span class='ocr_line' id='line_1_28' title="bbox 285 2395 500 2425; baseline 0 -1"><span class='ocrx_word' id='word_1_200' title='bbox 285 2396 314 2425; x_wconf 77' lang='lat'>2.</span> <span class='ocrx_word' id='word_1_201' title='bbox 336 2396 372 2425; x_wconf 66' lang='lat' dir='ltr'>V.</span> <span class='ocrx_word' id='word_1_202' title='bbox 395 2395 500 2424; x_wconf 79' lang='lat'>30-50.</span> 
     </span>
     <span class='ocr_line' id='line_1_29' title="bbox 286 2436 1043 2480; baseline -0.009 -8"><span class='ocrx_word' id='word_1_203' title='bbox 286 2444 315 2472; x_wconf 90' lang='lat'>3.</span> <span class='ocrx_word' id='word_1_204' title='bbox 338 2442 376 2472; x_wconf 84' lang='lat' dir='ltr'>V.</span> <span class='ocrx_word' id='word_1_205' title='bbox 399 2442 524 2471; x_wconf 72' lang='lat'>30-130.</span> <span class='ocrx_word' id='word_1_206' title='bbox 543 2440 649 2480; x_wconf 84' lang='lat' dir='ltr'>Regia</span> <span class='ocrx_word' id='word_1_207' title='bbox 667 2443 822 2469; x_wconf 84' lang='lat' dir='ltr'>centrum</span> <span class='ocrx_word' id='word_1_208' title='bbox 843 2442 894 2468; x_wconf 82' lang='lat' dir='ltr'>est</span> <span class='ocrx_word' id='word_1_209' title='bbox 912 2436 1043 2467; x_wconf 86' lang='lat' dir='ltr'>mundi.</span> 
     </span>
     <span class='ocr_line' id='line_1_30' title="bbox 286 2489 546 2519; baseline -0.008 0"><span class='ocrx_word' id='word_1_210' title='bbox 286 2491 315 2519; x_wconf 62' lang='grc' dir='ltr'>[ι.</span> <span class='ocrx_word' id='word_1_211' title='bbox 339 2490 376 2519; x_wconf 91' lang='lat' dir='ltr'>V.</span> <span class='ocrx_word' id='word_1_212' title='bbox 394 2489 546 2518; x_wconf 82' lang='lat'>130-170.</span> 
     </span>
     <span class='ocr_line' id='line_1_31' title="bbox 287 2535 549 2567; baseline -0.011 0"><span class='ocrx_word' id='word_1_213' title='bbox 287 2539 316 2567; x_wconf 81' lang='lat'>5.</span> <span class='ocrx_word' id='word_1_214' title='bbox 339 2536 376 2566; x_wconf 82' lang='lat' dir='ltr'>V.</span> <span class='ocrx_word' id='word_1_215' title='bbox 400 2535 549 2565; x_wconf 79' lang='lat'>170-215.</span> 
     </span>
     <span class='ocr_line' id='line_1_32' title="bbox 287 2583 548 2614; baseline -0.008 -1"><span class='ocrx_word' id='word_1_216' title='bbox 287 2587 318 2614; x_wconf 78' lang='grc' dir='ltr'>ὅ.</span> <span class='ocrx_word' id='word_1_217' title='bbox 343 2584 381 2614; x_wconf 84' lang='lat' dir='ltr'>V.</span> <span class='ocrx_word' id='word_1_218' title='bbox 404 2583 548 2612; x_wconf 80' lang='lat'><strong>215-238.</strong></span> 
     </span>
     <span class='ocr_line' id='line_1_33' title="bbox 290 2631 501 2662; baseline -0.014 0"><span class='ocrx_word' id='word_1_219' title='bbox 290 2633 318 2662; x_wconf 82' lang='lat'>7.</span> <span class='ocrx_word' id='word_1_220' title='bbox 337 2631 374 2660; x_wconf 90' lang='lat' dir='ltr'>V.</span> <span class='ocrx_word' id='word_1_221' title='bbox 396 2631 501 2662; x_wconf 61' lang='lat'>28-3&#39;4.</span> 
     </span>
     <span class='ocr_line' id='line_1_34' title="bbox 289 2676 800 2713; baseline -0.008 -5"><span class='ocrx_word' id='word_1_222' title='bbox 289 2682 318 2709; x_wconf 75' lang='grc' dir='ltr'>ὅ.</span> <span class='ocrx_word' id='word_1_223' title='bbox 339 2679 376 2708; x_wconf 89' lang='lat' dir='ltr'>V.</span> <span class='ocrx_word' id='word_1_224' title='bbox 400 2677 621 2713; x_wconf 58' lang='lat'>1&#39;18-132-222</span> <span class='ocrx_word' id='word_1_225' title='bbox 644 2676 715 2712; x_wconf 72' lang='lat'>328,</span> <span class='ocrx_word' id='word_1_226' title='bbox 738 2679 800 2705; x_wconf 82' lang='lat' dir='ltr'>etc.</span> 
     </span>
    </p>

    <p class='ocr_par' dir='ltr' id='par_1_10' title="bbox 291 2724 609 2762">
     <span class='ocr_line' id='line_1_35' title="bbox 291 2724 609 2762; baseline -0.006 -7"><span class='ocrx_word' id='word_1_227' title='bbox 291 2747 319 2757; x_wconf 44' lang='grc' dir='ltr'>ι.</span> <span class='ocrx_word' id='word_1_228' title='bbox 341 2726 380 2756; x_wconf 79' lang='lat' dir='ltr'>V.</span> <span class='ocrx_word' id='word_1_229' title='bbox 400 2725 485 2762; x_wconf 81' lang='lat'>1-10,</span> <span class='ocrx_word' id='word_1_230' title='bbox 504 2724 609 2759; x_wconf 55' lang='lat'>1025.</span> 
     </span>
    </p>

    <p class='ocr_par' dir='ltr' id='par_1_11' title="bbox 295 2772 565 2803">
     <span class='ocr_line' id='line_1_36' title="bbox 295 2772 565 2803; baseline 0 -1"><span class='ocrx_word' id='word_1_231' title='bbox 295 2774 341 2803; x_wconf 84' lang='lat'>10.</span> <span class='ocrx_word' id='word_1_232' title='bbox 360 2774 398 2803; x_wconf 88' lang='lat' dir='ltr'>V.</span> <span class='ocrx_word' id='word_1_233' title='bbox 419 2772 565 2802; x_wconf 76' lang='lat'>100-120.</span> 
     </span>
    </p>

    <p class='ocr_par' dir='ltr' id='par_1_12' title="bbox 293 2819 570 2850">
     <span class='ocr_line' id='line_1_37' title="bbox 293 2819 570 2850; baseline -0.004 0"><span class='ocrx_word' id='word_1_234' title='bbox 293 2821 342 2850; x_wconf 55' lang='lat'>¹11.</span> <span class='ocrx_word' id='word_1_235' title='bbox 361 2821 399 2850; x_wconf 73' lang='lat' dir='ltr'>V.</span> <span class='ocrx_word' id='word_1_236' title='bbox 427 2819 570 2849; x_wconf 64' lang='lat'>1119-152.</span> 
     </span>
    </p>

    <p class='ocr_par' dir='ltr' id='par_1_13' title="bbox 298 2867 799 2898">
     <span class='ocr_line' id='line_1_38' title="bbox 298 2867 799 2898; baseline -0.004 0"><span class='ocrx_word' id='word_1_237' title='bbox 298 2869 342 2898; x_wconf 81' lang='lat'>12.</span> <span class='ocrx_word' id='word_1_238' title='bbox 364 2868 401 2898; x_wconf 71' lang='lat' dir='ltr'>V.</span> <span class='ocrx_word' id='word_1_239' title='bbox 423 2867 570 2896; x_wconf 74' lang='lat'>192-198.</span> <span class='ocrx_word' id='word_1_240' title='bbox 798 2893 799 2896; x_wconf 73' lang='grc'>,</span> 
     </span>
    </p>

    <p class='ocr_par' dir='ltr' id='par_1_14' title="bbox 297 2902 1738 2953">
     <span class='ocr_line' id='line_1_39' title="bbox 297 2902 1738 2953; baseline -0.009 -8"><span class='ocrx_word' id='word_1_241' title='bbox 297 2917 343 2945; x_wconf 84' lang='grc'>13.</span> <span class='ocrx_word' id='word_1_242' title='bbox 373 2915 460 2953; x_wconf 69' lang='lat' dir='ltr'>Joci,</span> <span class='ocrx_word' id='word_1_243' title='bbox 484 2925 516 2943; x_wconf 77' lang='lat' dir='ltr'>v.</span> <span class='ocrx_word' id='word_1_244' title='bbox 539 2914 610 2948; x_wconf 76' lang='lat'>102,</span> <span class='ocrx_word' id='word_1_245' title='bbox 635 2913 706 2949; x_wconf 74' lang='lat'>132,</span> <span class='ocrx_word' id='word_1_246' title='bbox 731 2911 800 2942; x_wconf 73' lang='lat'>141.</span> <span class='ocrx_word' id='word_1_247' title='bbox 821 2910 891 2942; x_wconf 80' lang='lat'>163,</span> <span class='ocrx_word' id='word_1_248' title='bbox 913 2909 982 2945; x_wconf 77' lang='lat'>16¹1,</span> <span class='ocrx_word' id='word_1_249' title='bbox 1007 2908 1075 2937; x_wconf 77' lang='lat'>169.</span> <span class='ocrx_word' id='word_1_250' title='bbox 1101 2904 1466 2942; x_wconf 43' lang='lat' dir='ltr'>Allitcrationesszssz</span> <span class='ocrx_word' id='word_1_251' title='bbox 1489 2904 1560 2941; x_wconf 73' lang='lat'>267,</span> <span class='ocrx_word' id='word_1_252' title='bbox 1584 2902 1654 2939; x_wconf 74' lang='lat'>277,</span> <span class='ocrx_word' id='word_1_253' title='bbox 1672 2905 1738 2932; x_wconf 71' lang='lat' dir='ltr'>ete.</span> 
     </span>
    </p>
   </div>
   <div class='ocr_carea' id='block_1_9' title="bbox 1794 0 1842 433">
    <p class='ocr_par' dir='ltr' id='par_1_15' title="bbox 1794 0 1842 433">
     <span class='ocr_line' id='line_1_40' title="bbox 1794 0 1842 433; baseline 0 2855"><span class='ocrx_word' id='word_1_254' title='bbox 1794 0 1842 433; x_wconf 95' lang='lat' dir='ltr'> </span> 
     </span>
    </p>
   </div>
  </div>
 </body>
</html>
