1873 3329
0 0 159 151 Γ

535 322 585 347 DE
619 323 830 348 WALTBRH
867 322 1010 348 ΜΑΡΡΙΙ
1045 323 1140 348 vrrA
1546 318 1581 346 61

102 400 202 442 facti
242 408 487 441 consortes.
531 402 622 441 Jam
665 418 766 442 vero
817 402 853 442 si
889 401 1129 443 walterius
1171 402 1379 442 Thomam
1424 403 1583 442 Becket

98 477 221 534 sequi
262 477 417 517 abnuit
457 487 608 518 contra
648 479 832 535 Regem,
877 478 1104 519 Gilbertus
1149 478 1324 536 longius
1366 478 1581 534 procedit,

98 562 141 595 et
190 569 344 611 gressu
399 556 709 612 persequitur;
761 554 944 595 enititur
1003 571 1054 595 nc
1113 555 1474 611 archiepiscopus
1531 555 1586 595 sit

96 630 260 672 electus
296 632 304 651 ¹

314 664 322 680 ,
357 639 404 671 ut
450 631 567 672 sedis
605 631 900 672 Londinensis
936 632 949 653 ²
982 648 1083 672 suae
1125 632 1338 688 primatus
1380 632 1582 682 obsistat,

94 707 260 766 Regem
283 706 482 765 dirigens
505 708 607 749 dum
627 709 793 749 Becket
814 717 971 765 sponte
995 708 1173 749 exilium
1198 717 1353 765 petens
1377 709 1419 749 iu
1444 708 1585 749 Gallia

95 783 354 825 morabitur.
392 784 510 825 'l'alis
545 784 705 843 agendi
744 785 855 826 ratio
887 785 1152 826 fundabatur
1181 801 1268 826 non
1303 793 1470 826 tantum
1508 801 1585 842 per

94 876 215 902 suam
256 860 309 901 de
350 860 479 903 Clero
520 861 792 918 opinionem,
834 861 911 903 sed
949 862 1078 903 etiam
1120 878 1198 919 per
1236 862 1439 903 devotum
1481 878 1584 921 erga

94 937 260 995 Regem
295 936 514 978 affectum.
549 937 758 979 Eamdem
788 939 873 995 ipsi
901 938 1088 980 contulit
1118 939 1333 980 Henrieus
1365 938 1585 979 secundus

94 1014 208 1073 grati
241 1014 376 1055 animi
409 1015 714 1071 probationem
749 1031 878 1072 quam
918 1015 1120 1056 Gilberto
1148 1016 1370 1072 Mappius,
1405 1031 1456 1056 eo
1491 1015 1587 1071 ipso

96 1089 214 1148 quod
248 1091 391 1147 ipsum
425 1091 666 1132 nominavit
707 1091 899 1151 legatum
935 1091 1106 1133 difficili
1142 1092 1320 1149 negotio
1355 1091 1410 1132 ad
1450 1092 1588 1132 Fran-

97 1183 246 1208 corum
296 1183 446 1225 regem
484 1169 510 1208 ³.
559 1169 697 1210 Senes
744 1168 846 1209 facti
893 1168 1120 1210 Gilbertus
1167 1177 1210 1210 et
1254 1168 1495 1211 XYaltei-ius
1536 1167 1588 1208 ad

99 1243 249 1285 eadem
278 1243 603 1286 oblectamenta
626 1253 876 1294 recurrunt,
908 1245 1149 1302 eademque
1178 1253 1372 1302 sperant.
1399 1245 1522 1286 Alter
1545 1245 1587 1285 in

99 1320 213 1362 libro
233 1322 291 1362 De
311 1321 453 1378 Nugis
476 1330 599 1362 notat
621 1338 732 1379 quae
749 1322 930 1371 audivit,
953 1338 1151 1380 quosque
1173 1323 1289 1363 viros
1310 1322 1443 1363 novit.
1466 1321 1589 1362 Alter

98 1413 240 1439 vero«
266 1398 309 1439 in
323 1398 405 1439 hoe
423 1399 545 1440 senio
562 1415 648 1456 quo
666 1399 846 1440 luminis
868 1399 958 1440 fere
987 1399 1207 1441 defectum
1236 1399 1438 1447 incurrit,
1465 1399 1590 1456 quasi

99 1475 418 1532 poenitentiam
450 1476 649 1532 perditae
678 1476 920 1517 vocationis
950 1492 1100 1535 agens,
1132 1492 1212 1517 nec
1243 1492 1264 1517 a
1299 1475 1446 1517 littore
1478 1475 1591 1516 cari-

100 1566 198 1592 nam
238 1551 384 1603 solvit,
421 1568 717 1610 magnumque
761 1553 906 1594 metiri
939 1552 1122 1611 pelagus
1157 1568 1408 1611 aggressus,
1447 1567 1589 1593 moras

101 1627 317 1670 redimere
345 1628 525 1670 festinat
554 1630 753 1681 amissas,
782 1646 1030 1687 novumque
1057 1630 1217 1671 veteris
1246 1638 1289 1671 et
1316 1645 1450 1670 novae
1480 1629 1592 1687 legis

101 1720 211 1762 opus
234 1705 396 1747 festino
418 1707 613 1748 contexit
630 1706 792 1763 pollice
817 1725 837 1746 »
861 1708 890 1748 ⁴.
915 1708 1127 1765 Uterque,
1153 1707 1263 1748 alter
1291 1707 1335 1747 in
1358 1707 1589 1754 coenobio,

101 1781 212 1823 alter
236 1783 279 1824 in
302 1784 578 1840 episcopatu,
603 1784 772 1840 dispari
793 1793 993 1841 tempore
1021 1786 1049 1835 ⁵,
1075 1783 1414 1825 obdormierunt
1442 1784 1486 1824 in
1510 1783 1594 1824 fide

102 1867 192 1901 tam
221 1876 374 1902 secura
405 1860 690 1918 perfectaque
721 1870 767 1902 ut
795 1861 849 1902 ad
871 1861 1234 1918 superstitionem
1268 1860 1491 1902 declinare
1522 1860 1596 1901 ali-

102 1937 277 1994 quoties
319 1937 576 1979 viderentur
607 1939 636 1978 ⁶.
675 1939 838 1979 Horum
874 1939 1114 1980 amicorum
1146 1938 1338 1979 Gilberti
1373 1937 1520 1979 Foliot
1556 1946 1598 1978 et

103 2014 308 2058 Walterii
328 2015 496 2072 Mappii
518 2015 693 2056 indoles
722 2015 909 2056 invicem
933 2015 1307 2073 complementum
1337 2024 1380 2056 et
1402 2015 1597 2073 recogni-

105 2092 270 2133 tionem
303 2091 388 2132 sibi
421 2101 649 2149 praestant.
687 2092 902 2151 Egregiae
939 2092 1037 2134 illae
1071 2092 1423 2134 necessitudines
1458 2107 1596 2149 prope

104 2184 212 2226 quas
253 2169 445 2210 Thomae
498 2170 663 2210 Becket
703 2169 889 2229 figuram
940 2170 1168 2211 nominare
1216 2169 1357 2220 decet,
1400 2177 1595 2210 tutamen

106 2245 284 2287 Henrici
323 2246 361 2287 II
398 2245 452 2287 de
486 2262 572 2303 quo
610 2246 787 2305 longius
826 2255 922 2287 orto
962 2247 1095 2288 verba
1139 2246 1336 2296 fecimus,
1375 2245 1597 2303 explicant

153 2411 180 2442 1.
205 2410 383 2441 Materials
399 2412 455 2452 for
469 2411 523 2441 the
546 2412 617 2452 Life
636 2413 820 2452 ofBecltet‚
844 2412 934 2443 Roll.
956 2412 1074 2449 series,
1098 2423 1132 2453 p.
1152 2413 1202 2448 15,
1225 2413 1275 2452 30,
1300 2413 1340 2442 44

151 2459 182 2488 2.
205 2458 305 2494 lbid.,
325 2469 359 2499 p.
383 2460 455 2489 590.

153 2507 182 2536 3.
202 2506 343 2546 Nempe,
370 2510 408 2536 ut
427 2507 642 2537 exsulantem
665 2507 792 2538 Becker.
815 2518 883 2537 non
907 2507 1113 2547 susciperet.

153 2552 185 2583 ¹⁴.
203 2554 250 2583 De
274 2553 390 2595 Xugt'S,
415 2564 450 2594 p.
470 2555 519 2584 20.

155 2601 185 2630 5.
208 2600 364 2631 Mortuus
381 2606 434 2631 est
454 2600 632 2632 Gilbertus
655 2612 746 2632 anno
771 2603 862 2632 1188.

157 2648 185 2677 6.
211 2648 306 2677 Infra
331 2647 528 2679 videbimus
553 2648 668 2689 qualis
697 2649 800 2679 suerit
822 2648 980 2679 Walterii
1011 2648 1202 2679 credulitas
1234 2653 1336 2689 atque
1366 2648 1548 2679 delectatio
1575 2648 1607 2677 in

116 2693 382 2725 historiunculis
398 2696 563 2736 mysterio
578 2696 767 2726 obvolutis.
782 2697 963 2733 Quaedam
981 2696 1015 2727 in
1036 2707 1140 2737 opere
1154 2699 1201 2726 De
1217 2697 1322 2737 Nugis
1340 2696 1494 2726 narratio
1516 2696 1609 2725 circa

114 2741 310 2772 Gilbertum
340 2743 425 2772 satis
456 2743 608 2773 ostendit
637 2744 889 2774 Londinensem
918 2744 1123 2784 episcopum
1159 2754 1226 2774 non
1262 2744 1296 2773 in
1332 2744 1401 2773 alia
1435 2743 1604 2773 sententia

117 2787 225 2819 fuisse
242 2799 310 2830 qua
334 2790 520 2829 caponicus
539 2801 558 2820 a
577 2791 854 2826 Sancto-Paulo;
878 2791 990 2821 suasit
1012 2791 1100 2820 enim
1129 2791 1268 2821 cuidam
1292 2790 1399 2831 equiti
1424 2790 1608 2821 diabolicis

116 2835 254 2865 turbato
276 2836 479 2873 visionibus,
502 2837 529 2867 si
550 2848 674 2878 pacem
706 2848 912 2878 recuperare
940 2838 1059 2875 vellet,
1082 2842 1120 2868 ut
1143 2838 1347 2868 exhumaret
1367 2837 1517 2868 cadaver
1543 2837 1609 2867 viri

117 2891 235 2912 recens
257 2883 399 2924 sepulti,
421 2888 526 2924 caput
550 2885 782 2921 abscinderet,
803 2889 836 2915 et
859 2890 1056 2915 truncatum
1074 2895 1166 2926 aqua
1189 2885 1329 2915 lustrali
1351 2889 1566 2925 aspergeret.
