1842 3288
249 295 309 326 126
742 303 794 327 DE
826 304 1050 329 WALTERIO
1085 305 1241 331 MAPPlo

249 403 349 428 suae
384 388 514 435 viros,
547 387 691 445 effigie
720 387 773 428 de
802 388 898 429 vivo
927 398 1110 438 resecta,
1145 406 1256 429 novo
1286 390 1450 432 lumine
1487 391 1736 434 illustravit.

307 466 353 504 In
377 465 517 520 capite
547 464 830 520 praecedenti
858 474 1068 522 quantum
1098 466 1271 507 decoris
1307 468 1441 525 regiis
1471 468 1739 526 imaginibus

248 541 425 581 Henrici
461 541 660 592 secundi,
694 541 906 582 Ludovici
941 543 1132 599 septimi,
1166 543 1410 585 Theobaldi
1440 545 1585 601 quarti
1620 544 1739 586 addi-

248 617 363 658 derit
390 618 680 659 ostendimus.
715 619 810 660 Non
840 619 985 659 minus
1016 620 1177 660 eminet
1212 621 1254 660 in
1293 621 1447 661 eodem
1478 638 1610 678 opere
1642 623 1740 663 Dux

246 695 520 746 Britanniae,
552 695 779 736 Guillelmi
804 695 990 755 Angliae
1016 696 1246 737 domitoris
1274 699 1452 754 gener',
1478 714 1565 739 non
1592 699 1736 740 minus

248 771 511 812 Guillelmus
531 772 749 813 secundus
767 780 809 813 et
831 772 1046 813 Henricus
1070 774 1237 829 primus
1252 775 1280 824 ²,
1302 774 1419 815 illius
1443 783 1643 832 nepotes.
1671 776 1735 816 De

247 849 508 906 quibusdam
532 849 842 890 ecclesiasticis
864 849 984 899 viris,
1012 866 1086 891 seu
1109 851 1450 907 antiquioribus,
1477 867 1550 892 seu
1575 867 1735 909 aequa-

244 925 381 974 libus,
414 942 494 967 nos
528 926 767 969 XValterius
796 925 964 983 aliquid
992 926 1168 968 edocuit
1196 929 1224 979 ³,
1257 928 1333 968 sed
1366 929 1409 969 in
1443 928 1530 969 vita
1556 928 1701 970 Foliot
1722 929 1736 949 ⁴

243 1011 286 1043 et
315 1003 519 1050 Silvestri
539 1003 721 1044 secundi
744 1003 908 1044 diutius
930 1003 1204 1046 immoratur.
1678 986 1693 998 ⁶

302 1081 416 1121 Haec
439 1081 583 1133 omnia
615 1081 744 1121 etiam
768 1081 811 1121 in
832 1081 963 1121 breve
992 1096 1151 1140 cogere
1173 1097 1261 1122 non
1290 1098 1539 1139 possumus,
1572 1098 1732 1139 neque,

240 1155 307 1195 vel
336 1158 601 1205 summatim,
635 1157 798 1198 referre
827 1173 913 1214 quo
937 1165 1058 1198 aestu
1089 1157 1300 1199 Silvester
1322 1158 1559 1210 secundus,
1591 1159 1733 1200 adhuc

236 1234 424 1288 juvenis,
464 1234 597 1275 animi
632 1234 865 1281 affectuum
898 1235 1126 1285 exarserit,
1164 1243 1206 1275 et
1238 1235 1457 1291 quomodo
1486 1251 1731 1293 generosus

239 1310 429 1366 impetus
447 1311 635 1352 suturam
652 1312 722 1353 illi
735 1311 1084 1369 magnitudinem
1102 1311 1394 1368 portenderit.
1413 1312 1730 1353 Historicorum

239 1396 305 1427 est
332 1388 408 1428 has
437 1389 621 1447 paginas
651 1404 926 1445 percurrere,
958 1388 1132 1429 illorum
1161 1389 1421 1445 praesertim
1457 1389 1532 1446 qui
1562 1389 1731 1430 duode-

239 1464 351 1505 cimo
384 1465 557 1506 saeculo
586 1465 830 1523 impensam
860 1465 965 1506 dant
999 1481 1195 1522 operam,
1226 1475 1273 1506 ut
1302 1481 1370 1506 res
1403 1481 1455 1506 ex
1482 1465 1579 1522 ipso
1608 1466 1728 1507 sonte

237 1550 454 1597 repetant.

295 1619 490 1660 Velimus
511 1628 656 1660 tamen
682 1622 841 1675 (neque
864 1618 1244 1677 transgrediemur
1265 1619 1395 1675 hujus
1418 1619 1559 1660 nostri
1581 1620 1728 1676 operis

235 1695 429 1751 limites),
455 1697 499 1737 in
528 1697 649 1737 brevi
680 1697 806 1753 quasi
828 1696 990 1737 tabella
1014 1705 1148 1737 totam
1171 1695 1290 1736 illius
1313 1696 1467 1736 aetatis
1489 1696 1726 1753 imaginem

233 1774 456 1830 amplecti.
494 1774 679 1815 Multum
707 1783 849 1815 autem
888 1773 1088 1830 proderit
1121 1773 1323 1817 NValterii
1357 1773 1493 1824 liber3
1530 1781 1587 1823 et,
1628 1789 1725 1814 cum

234 1852 500 1892 senserimus
536 1860 700 1908 quanto
735 1851 882 1892 furore
912 1851 1114 1892 homines
1142 1850 1186 1890 in
1215 1850 1331 1891 bella
1367 1858 1561 1901 ruerent,
1596 1866 1725 1906 quarn

232 1927 380 1968 hebeti
415 1928 668 1969 laborarent
696 1928 925 1986 religionis
959 1944 1105 1978 sensu,
1138 1943 1267 1984 quam
1294 1926 1473 1968 efferata
1500 1936 1616 1968 esset
1642 1927 1725 1968 ista

231 2021 428 2063 propago
446 2022 644 2047 amorum
663 2006 950 2056 immanitate,
970 2021 1100 2063 aegre
1120 2004 1312 2045 leniente
1335 2004 1505 2045 animos
1522 2004 1723 2046 christia-

231 2098 385 2123 norum
415 2084 611 2140 equitum
648 2082 803 2123 militia
838 2098 947 2139 quae
977 2083 1067 2138 jam
1100 2083 1144 2122 in
1180 2081 1375 2122 deterius
1409 2081 1533 2138 lapsa
1565 2080 1720 2129 fuerat,

231 2159 467 2201 dilucidius
497 2161 728 2218 apparebit
765 2176 914 2201 eorum
943 2160 1080 2200 virtus
1109 2160 1200 2216 qui,
1235 2158 1439 2203 XValterii
1472 2158 1626 2206 instar,
1663 2157 1723 2198 ita

231 2247 445 2278 exuerunt
466 2238 629 2279 saeculi
648 2239 715 2278 sui
738 2253 882 2278 mores
904 2246 951 2278 ut
973 2245 1046 2277 aut
1066 2252 1326 2293 generosam
1348 2251 1498 2276 vocem
1522 2235 1720 2292 proferre

229 2322 303 2354 aut
324 2315 587 2355 sententiam
609 2315 825 2372 dignitate
848 2314 1023 2371 plenam
1047 2313 1238 2354 scribere
1263 2313 1492 2353 auderent.

288 2392 396 2432 Cum
426 2393 595 2449 equites
618 2392 704 2433 duo
733 2392 1055 2433 internecivum
1084 2390 1249 2431 bellum
1277 2389 1394 2430 inter
1421 2404 1466 2429 se
1494 2397 1717 2446 gererent,

225 2468 537 2510 intervenienti
561 2469 730 2510 Galliae
753 2485 856 2527 rege
882 2468 1038 2510 foedus
1067 2468 1202 2508 ictum
1226 2475 1291 2507 est
1318 2465 1599 2507 matrimonio
1622 2481 1722 2506 san-

224 2545 376 2598 citum,
402 2547 568 2603 quippe
590 2546 700 2587 alter
722 2546 902 2587 alterius
925 2561 1063 2603 gener
1086 2545 1273 2601 ideoque
1297 2544 1451 2584 haeres
1474 2543 1613 2584 sactus
1631 2540 1716 2583 est.

264 2675 292 2704 1.
315 2677 362 2704 De
385 2675 503 2717 Nugz's,
526 2686 560 2715 p.
588 2675 659 2706 182.

264 2723 291 2752 2.
315 2722 416 2758 ΗΜΛ,
439 2734 474 2763 p.
497 2724 548 2758 81,
572 2723 643 2761 170,
666 2724 737 2753 209.

263 2771 292 2800 3.
328 2770 523 2810 Episcopus
549 2770 716 2807 Lincoln.,
738 2781 772 2810 p.
800 2772 828 2801 7.
855 2788 895 2792 —
918 2769 1194 2809 Bartolomoeus,
1217 2768 1323 2808 episc.
1344 2766 1588 2803 Exeteriensis,
1606 2776 1642 2806 p.
1664 2766 1714 2797 20.

222 2834 261 2839 —
281 2817 440 2857 Archiep.
463 2817 682 2855 Baldwinus,
704 2828 737 2857 p.
759 2818 808 2848 20.

266 2865 295 2894 4.
320 2867 366 2894 De
388 2865 503 2907 Nugis,
527 2876 561 2905 p.
582 2865 631 2902 19,
650 2866 701 2901 42,
722 2865 791 2900 103,
817 2864 886 2895 170.
