1873 3329
496 314 545 338 1)Ιί
580 313 789 338 wauslini!
827 314 967 338 MA1¹1¹11
1004 315 1098 339 vrrA
1504 314 1541 343 33

55 413 150 438 cum
186 397 227 438 in
271 414 314 437 se
350 398 590 439 habebunt.
626 397 729 444 Sed,
774 398 871 454 quia
906 414 1048 438 rerum
1086 400 1295 440 transitus
1329 400 1537 441 iudicium

54 482 170 519 sunt,
197 490 269 514 eos
300 474 444 531 magni
471 474 652 514 facimus
673 483 714 514 et
737 482 927 514 attentos
956 475 1126 515 animos·
1150 476 1364 517 detinent.

114 551 238 591 Circa
285 567 444 591 annum
494 550 771 591 millesimum
820 552 1106 591 centesimum
1159 553 1540 609 quadragesimuni

57 626 297 669 walterius
322 628 524 684 Mappius
542 636 667 667 natus
684 636 765 667 est.
792 627 1085 682 lfijussamilia,
1104 629 1541 687 XVallensisorigine,

58 703 173 761 apud
206 704 440 745 {leni-icum
477 704 715 744 secundum
752 703 891 744 oslicia
925 705 1063 744 obiit¹
1096 714 1326 762 antequam
1356 724 1428 747 rex
1454 708 1543 748 Au-

59 779 172 837 gliae
197 780 332 821 sactus
361 789 491 829 esset,
525 789 564 821 ut
591 780 683 837 ipse
715 780 951 823 walterius
981 790 1179 822 testatur.
1212 782 1458 823 Verisimile
1482 793 1547 825 est

62 874 112 897 eo
144 866 341 915 tempore
376 874 460 914 quo
504 858 718 898 llenrieus
752 857 1053 914 l'lautageuet,
1093 858 1324 899 admodum
1355 862 1543 916 juvenis,

61 935 227 975 Yentae
252 934 445 976 Silurum
469 934 585 990 apud
608 935 849 975 Robertum
880 935 1139 976 avunculum
1163 947 1453 978 commoratus
1483 947 1548 979 est

63 1011 283 1068 Mappiam
323 1020 499 1069 gentem
535 1011 596 1051 illi
639 1027 756 1051 suam
799 1011 927 1051 [idem
971 1012 1278 1060 obstrinxisse,
1323 1015 1444 1070 eujus
1487 1015 1549 1055 rei

64 1088 269 1129 memoria
300 1089 466 1129 auctori
495 1097 646 1129 nostro
675 1097 767 1128 erat
795 1088 898 1128 olim
932 1089 1115 1129 maxime
1146 1090 1388 1145 profutura.
1423 1092 1549 1131 Auno

67 1164 193 1215 1154,
225 1164 439 1206 Ilenricus
467 1166 633 1206 Ventae
663 1165 799 1222 regali
832 1174 1005 1221 seeptro
1039 1167 1307 1222 potiebatur,
1340 1184 1418 1207 nee
1448 1184 1549 1209 sane

65 1236 230 1283 oblitus
272 1250 354 1291 est,
398 1241 450 1282 ad
493 1241 648 1282 solium
698 1251 890 1289 evectuS,
931 1242 1169 1285 XVallensis
1211 1243 1399 1284 familiae
1429 1247 1551 1301 cujus

67 1319 312 1360 ministerio
341 1334 447 1359 usus
477 1328 569 1360 erat
603 1335 726 1375 puer,
761 1320 801 1359 in
835 1319 1085 1361 Cornubiae
1115 1328 1156 1360 et
1182 1320 1421 1363 VVallensis
1452 1322 1553 1379 pagi

67 1396 246 1446 finibus,
293 1404 334 1437 et
371 1412 481 1453 quae
525 1396 724 1447 forsitan,
768 1411 882 1436 anno
914 1397 1111 1453 proxime
1153 1397 1317 1453 elapso,
1355 1399 1553 1454 partibus

66 1472 185 1513 illius
214 1482 375 1514 armata
413 1474 589 1515 faverat.
623 1472 851 1529 Quidquid
880 1473 924 1513 id
959 1482 1041 1524 est,
1073 1474 1187 1514 cirea
1224 1474 1413 1515 medium
1446 1475 1554 1515 illud

68 1549 306 1600 saeculum,
343 1550 545 1594 VValterii
577 1558 784 1607 parentes
820 1558 906 1590 tam
939 1550 1094 1608 amplis
1128 1551 1405 1592 facultatibus
1440 1552 1553 1592 aucti

69 1635 193 1667 erant
215 1635 260 1667 ut
286 1626 420 1668 filium
444 1627 487 1668 in
510 1628 851 1669 Universitatem
876 1627 1172 1669 l’arisiensem
1195 1629 1436 1669 mitterent.
1464 1631 1554 1669 Huc

68 1702 245 1744 advenit
267 1719 354 1744 non
384 1703 456 1744 diu
486 1712 586 1760 post
615 1719 773 1743 aunum
813 1703 934 1752 1154,
961 1704 1123 1745 etenim
1153 1704 1396 1745 Ludovieus
1421 1705 1556 1761 septi-

70 1796 182 1832 mus,
218 1788 265 1821 ut
305 1780 397 1837 ipse
433 1781 506 1828 ait,
542 1780 828 1820 Constantiae
862 1781 1113 1822 Castiliensi
1146 1797 1299 1822 recens
1329 1791 1553 1837 nupserat.

70 1857 250 1898 Parisiis
283 1866 425 1898 autem
462 1857 674 1898 remansit
714 1872 852 1913 usque
890 1857 941 1897 ad
983 1873 1143 1898 annum
1185 1858 1338 1898 saltem
1381 1858 1559 1899 millesi-

73 1950 188 1975 mum
217 1934 506 1976 centesimum
537 1933 955 1991 quinquagesimum
986 1943 1172 1984 sextum,
1198 1951 1295 1975 eum
1323 1935 1558 1976 (lifardum

73 2011 267 2053 Puellam
290 2011 495 2058 audierit,
523 2011 597 2068 qui
621 2026 670 2052 eo
696 2019 865 2051 tantum
890 2026 1004 2051 anno
1027 2011 1186 2052 docere
1214 2012 1374 2068 coepit.
1403 2013 1559 2053 Rever-

74 2104 146 2130 sus
178 2096 321 2129 tamen
359 2096 452 2129 erat
480 2088 523 2128 in
553 2087 756 2145 Angliam
783 2088 897 2128 circa
933 2103 1094 2128 annum
1126 2087 1255 2138 1162,
1287 2089 1449 2145 quippe
1487 2089 1560 2145 qui

75 2165 248 2207 adesset
274 2165 396 2206 aulae
425 2165 604 2206 Henrici
626 2164 824 2212 secundi,
850 2164 953 2205 dum
983 2165 1173 2205 Thomas
1200 2165 1363 2205 Bet-ket
1391 2165 1563 2205 cancel-

76 2241 172 2283 larii
208 2241 352 2283 officio
393 2241 535 2283 adhuc
570 2241 883 2298 fungebatur?
925 2242 1007 2282 Per
1049 2257 1124 2282 sex
1163 2250 1235 2282 aut
1268 2250 1367 2282 octo
1406 2257 1560 2290 anuos,

77 2321 204 2376 'quam
233 2319 344 2359 vitae
377 2319 590 2359 rationem
620 2318 762 2359 tenuit
784 2318 957 2374 juvenis
990 2318 1061 2359 ille
1090 2316 1263 2358 auditor
1292 2318 1335 2358 in
1368 2318 1510 2358 Insula
1543 2335 1563 2357 e

78 2396 261 2438 Civitate
277 2395 393 2436 dicta
415 2403 488 2436 aut
510 2395 553 2435 in
578 2395 690 2436 colle
713 2395 1202 2436 Sanctae-Genovefae'3
1219 2394 1450 2447 Quomodo
1469 2410 1564 2435 eum

77 2489 187 2530 quae
226 2472 385 2513 viderit
418 2472 674 2529 pepulerint
713 2471 923 2512 nonnulla
957 2472 1051 2528 ipse
1086 2471 1215 2512 nobis
1254 2472 1297 2512 in
1333 2488 1409 2512 suo
1451 2471 1566 2511 libro

77 2548 262 2590 tradidit
290 2563 341 2589 ex
372 2549 531 2605 quibus
559 2548 676 2589 haud
708 2563 838 2607 aegre
871 2547 1147 2605 deprehendi
1169 2556 1314 2604 potest
1341 2548 1569 2588 :sensibus

81 2634 223 2667 autem
259 2625 369 2666 adeo
415 2625 585 2665 intimis
620 2634 866 2666 commotus
899 2624 980 2665 suit
1021 2633 1066 2665 ut
1100 2625 1260 2665 multos
1300 2632 1399 2681 post
1432 2639 1570 2664 annos

83 2701 366 2759 praeteritum
390 2709 563 2758 tempus
588 2702 795 2742 memoria
819 2702 941 2758 quasi
966 2717 1174 2758 praesens
1197 2701 1235 2741 ei
1259 2700 1460 2741 adsuerit.

124 2814 154 2844 1.
175 2815 221 2843 De
244 2812 363 2853 Nugis,
383 2812 468 2843 Dist.
489 2813 539 2847 W,
559 2822 636 2852 cap.
656 2815 686 2849 ¹3,
710 2812 856 2852 passim.

128 2861 158 2891 2.
176 2860 228 2891 Id.
251 2860 338 2890 Dist.
365 2860 419 2893 11²¹,
443 2870 520 2900 cap.
541 2859 590 2889 23.
