1842 3288
284 302 344 332 '116
782 307 832 332 DE
866 307 1091 333 WALTERIO
1128 307 1284 333 MAPPIO

284 393 494 450 populum
541 408 621 448 pro
675 400 798 449 parte
845 392 1030 433 servavit
1089 392 1397 443 seminarium;
1443 392 1549 434 haec
1604 401 1772 450 patrem

284 470 446 510 sentire
503 468 648 519 dedit,
716 484 803 509 non
859 469 1055 521 hostem,
1106 470 1290 529 virgam,
1347 484 1433 509 non
1482 469 1695 527 gladium.
1756 486 1776 508 »

284 546 382 588 Noli
421 554 566 586 tamen
602 544 782 586 credere
817 545 887 585 his
922 555 1178 587 contentum
1211 545 1473 589 walterium
1492 548 1581 602 jam
1604 554 1774 595 tacere3

283 622 394 663 nihil
435 622 535 663 novi
571 623 659 679 jam
690 622 752 662 rei
791 621 936 672 addit;
975 623 1259 680 prosequitur
1299 631 1460 672 tamen,
1494 630 1536 663 et
1574 639 1582 664 :
1625 640 1645 661 «
1681 623 1775 663 Non

282 699 362 739 suit
402 699 463 740 ibi
500 715 663 749 rerum,
690 699 766 750 ait,
791 698 976 740 vastatio
1005 699 1070 739 vel
1108 699 1406 756 possessionis
1440 698 1663 749 alienatio,
1698 714 1777 739 nec

281 785 346 816 est
375 775 634 816 translatum
669 776 926 832 imperium;
958 776 1087 816 archa
1120 775 1300 825 resedit,
1339 790 1460 816 sacra
1496 783 1773 824 manserunt,

281 853 558 910 residuisque
594 852 822 902 securitas,
863 861 1059 893 mortuos
1098 861 1457 903 numeraverunt,
1491 852 1772 908 planxerunt,

281 929 573 986 sepelierunt,
618 928 736 970 felici
769 929 906 987 gavisi
947 938 1049 970 sunt
1081 928 1353 970 infelicitatis
1397 929 1513 970 exitu
1541 928 1570 968 ¹.
1613 946 1632 967 »
1672 928 1776 969 Plu-

279 1008 387 1048 rima
417 1006 546 1047 etiam
570 1005 693 1047 addit
724 1023 732 1046 ε
765 1006 842 1047 sed
870 1006 1025 1047 lectori
1048 1022 1230 1063 parcere
1260 1006 1402 1047 decet.
1433 1007 1498 1047 Ex
1532 1006 1601 1046 his
1629 1014 1774 1046 tamen

278 1083 404 1124 facile
448 1083 640 1140 intelligi
686 1091 833 1140 potest
887 1099 1015 1139 quam
1064 1083 1195 1141 longe
1249 1083 1292 1123 in
1341 1084 1472 1123 rebus
1519 1098 1650 1140 saepe
1692 1083 1774 1123 im-

279 1169 474 1202 moretur
511 1159 770 1209 VValterius‚
813 1160 849 1201 si
887 1159 1134 1217 placuerint
1158 1166 1185 1201 2.
1224 1161 1333 1201 Cum
1368 1168 1510 1200 autem
1550 1175 1638 1200 non
1676 1168 1774 1200 tan-

276 1247 367 1279 tum
392 1238 455 1278 rei
477 1237 650 1278 cuidam
674 1253 695 1277 a
719 1237 877 1278 ceteris
910 1246 1152 1294 separatae,
1188 1236 1264 1277 sed
1293 1237 1411 1277 omni
1443 1236 1573 1277 alicui
1602 1236 1772 1277 fabulae

276 1315 495 1372 indulget,
531 1322 695 1372 quanto
729 1314 861 1355 etiam
897 1323 1026 1371 atque
1068 1314 1198 1354 etiam
1234 1314 1407 1372 longius
1441 1313 1602 1364 tardet,
1634 1313 1773 1354 lector

272 1393 361 1448 jam
397 1407 449 1432 ex
484 1391 552 1431 his
588 1391 834 1448 perspicit:
879 1391 1044 1431 utinam
1079 1390 1305 1447 paulisper
1339 1390 1613 1432 festinaverit
1649 1406 1656 1430 :
1693 1406 1772 1431 nec

275 1469 405 1510 etiam
449 1469 711 1525 scriptorum
756 1470 849 1525 ejus
890 1476 1006 1508 esset
1050 1476 1171 1508 tanta
1207 1468 1454 1508 obscuritas
1488 1483 1569 1508 nec
1602 1475 1771 1508 tantum

274 1545 486 1587 taedium.

333 1622 388 1663 At
409 1622 669 1663 brevitatem
698 1622 1015 1663 sententiarum
1039 1622 1083 1662 in
1113 1621 1348 1662 scribendo
1379 1637 1468 1662 non
1498 1622 1767 1679 assequitur,

273 1699 359 1741 nisi
391 1699 466 1756 qui
494 1700 582 1755 jam
613 1699 771 1740 maturi
800 1699 968 1757 ingenii
998 1707 1086 1748 est,
1111 1698 1353 1742 Walterius
1385 1706 1531 1740 autem
1565 1699 1770 1755 Mappius

267 1779 477 1834 juvenum
512 1776 840 1833 simplicitatem
876 1784 1007 1832 atque
1051 1775 1299 1816 facundiam
1338 1791 1567 1832 nunquam
1603 1776 1722 1816 exuit
1758 1792 1765 1815 :

273 1854 391 1911 quod
425 1869 512 1894 non
550 1853 783 1909 deplorare
824 1861 1052 1909 oporteret
1092 1853 1128 1893 si
1170 1861 1214 1893 ut
1246 1853 1365 1902 vitia,
1404 1852 1465 1893 sic
1505 1861 1548 1894 et
1585 1852 1769 1894 virtutes

267 1929 511 1988 juventutis
536 1929 769 1971 induisset.
798 1931 929 1970 Deest
952 1938 1095 1970 autem
1119 1929 1232 1970 libro
1256 1931 1316 1970 De
1337 1930 1478 1987 Nugl's
1500 1937 1672 1970 assueta
1695 1929 1767 1970 illa

267 2006 488 2064 juventuti
509 2007 664 2055 virtus,
683 2007 796 2047 vitae
811 2005 981 2046 vividus
1004 2005 1138 2046 calor.
1162 2007 1302 2062 Saepe
1326 2006 1547 2047 contrario
1564 2014 1765 2063 apparet,

272 2084 374 2125 dum
419 2083 578 2124 craudet
618 2083 889 2124 facilioribus
937 2082 1323 2124 dissertationibus
1369 2082 1627 2134 Walterius,
1664 2083 1765 2123 dum

417 2120 442 2144 ο

272 2161 524 2203 diversitate
546 2176 634 2201 non
664 2160 840 2220 gaudet,
867 2168 1145 2217 praematura
1173 2159 1387 2216 quaedam
1412 2159 1652 2200 senectutis
1681 2168 1767 2200 tar-

272 2238 402 2279 ditas.

329 2315 452 2356 Vitae
481 2315 535 2356 ad
564 2315 855 2355 imitationem
881 2313 1054 2354 videtur
1078 2328 1179 2354 vere
1207 2313 1478 2369 compositus
1506 2312 1619 2354 liber
1647 2329 1760 2357 esse.

272 2393 307 2433 si
329 2392 437 2433 illud
460 2391 627 2449 legenti
651 2390 928 2432 manifestum
952 2391 1023 2439 sit,
1044 2399 1086 2431 et
1105 2390 1295 2431 voluisse
1317 2390 1577 2447 scriptorem
1599 2390 1765 2447 aliquid

271 2485 436 2519 creare,
468 2477 510 2509 et
537 2484 637 2509 vere
666 2484 855 2509 creasse.
885 2469 994 2508 Cum
1023 2476 1165 2508 autem
1190 2467 1379 2524 scriptor
1407 2467 1582 2524 aliquis,
1616 2467 1763 2508 infeli-

270 2562 364 2587 cem
406 2545 637 2602 quamdam
681 2546 925 2585 ubertatem
973 2545 1017 2584 in
1058 2543 1332 2584 facilioribus
1373 2543 1762 2584 dissertationibus

271 2622 474 2671 effundit,
513 2621 718 2679 fatigatus
757 2637 886 2677 saepe
922 2621 996 2678 qui
1036 2621 1144 2679 legit
1184 2620 1408 2662 machinas
1448 2620 1546 2661 illas
1594 2620 1678 2661 sibi
1718 2620 1762 2661 in

271 2708 462 2741 mentem
492 2706 681 2749 revocat,
709 2714 891 2755 quarum
922 2697 1075 2738 rustici
1107 2697 1299 2738 brachiis
1332 2697 1420 2738 suis
1449 2705 1589 2738 rotam
1621 2697 1762 2739 revol-

310 2823 338 2852 1.
358 2825 404 2852 De
426 2821 545 2863 Nugis‚
565 2832 599 2862 p.
622 2822 673 2851 24.

312 2870 464 2907 2.Jb1'd.‚
486 2880 521 2910 p.
544 2870 594 2900 21.
620 2869 675 2908 Q.,
697 2880 731 2909 p.
759 2869 830 2907 161,
854 2869 925 2898 163.
