1873 3329
580 274 628 298 DE
662 273 717 297 w.
757 273 909 298 ΜΛΙῬΙΟ
948 275 1078 299 roi-:TA
1514 272 1576 301 195.

81 358 234 398 aetatis
281 358 417 398 virum
467 367 536 398 aut
586 368 804 403 eventum,
846 367 912 398 aut
959 359 1085 399 etiam
1131 360 1366 415 peculiaris
1409 362 1567 402 saeculi

82 442 219 474 notas.
254 435 297 474 ln
336 450 520 479 summa,
561 436 687 475 unico
718 435 798 475 lio(-
839 435 964 490 signo
1004 435 1292 476 admonemur
1330 438 1433 477 haee
1473 454 1565 477 esse

80 519 294 567 poemata,
333 511 449 567 quod
484 528 633 551 versus
672 511 875 551 similiter
912 511 1133 552 desinunt.
1175 513 1357 553 Nomine
1394 516 1563 570 aptior(-

78 585 164 628 dici
199 597 379 644 possent
422 588 607 628 morales.
646 596 717 628 aut
749 588 925 627 festivae
955 587 1295 644 disputationes,
1325 592 1561 631 accuratis-

78 664 185 704 sime
220 673 261 705 et
293 665 560 722 compositae
595 672 633 705 et
679 665 966 721 perscriptae,
1009 664 1144 705 multo
1188 666 1330 706 minus
1372 668 1563 723 propriis

74 741 153 781 viri
172 741 375 782 sensibus
400 741 584 782 refertae
607 757 736 798 quam
769 741 1002 781 sententiis
1032 743 1338 783 communibus
1366 760 1415 783 ex
1439 744 1567 784 insti-

75 818 242 858 tutione
278 818 491 859 litteraria
523 816 756 874 multiplici
780 826 819 857 et
854 818 1005 858 fictitia
1036 818 1163 859 simul
1194 828 1322 876 atque
1350 821 1486 860 sterili
1520 838 1566 861 a(-

74 894 266 936 taediosa
298 895 519 936 mutuatis

132 973 204 1016 W.
235 972 454 1028 Mappius,
482 973 607 1028 cujus
632 972 747 1012 inter
775 971 879 1012 alias
910 972 1067 1012 multas
1097 973 1229 1014 animi
1251 973 1436 1014 virtutes
1466 991 1560 1015 rara

74 1047 288 1090 modestia
309 1048 548 1095 eminebat,
577 1047 630 1088 de
654 1064 831 1089 suorum
855 1049 1096 1089 carminum
1118 1049 1418 1091 mediocritate
1442 1051 1560 1091 nullo

73 1124 201 1166 modo
231 1141 275 1166 se
306 1124 514 1168 fefellisse
550 1125 738 1166 videtur.
778 1126 868 1165 Jam
899 1126 939 1166 in
978 1125 1166 1182 quodam
1197 1126 1293 1167 loco
1322 1128 1468 1184 operis
1499 1129 1560 1169 De

70 1202 226 1259 Nugis,
257 1218 279 1243 a
319 1202 448 1243 nobis
481 1218 612 1261 supra
647 1203 797 1249 citato,
831 1202 990 1244 fatetur
1027 1219 1071 1244 se
1112 1203 1305 1244 derisum
1340 1204 1490 1253 fuisse,
1523 1214 1564 1246 et

72 1278 226 1319 merito
264 1278 458 1335 quidem,
499 1280 554 1320 ob
590 1279 756 1338 ingenii
796 1279 958 1336 poetici
993 1280 1323 1322 hebetudinem.
1365 1281 1482 1322 Idem
1521 1282 1560 1322 in

69 1356 336 1396 carminibus
366 1355 523 1397 iterum
543 1356 743 1399 eamdem
769 1357 931 1399 emittit
961 1372 1109 1397 vocem
1140 1374 1147 1396 :
1183 1373 1326 1417 «mea
1355 1358 1481 1414 culpa
1518 1378 1533 1395 »

327 1456 421 1489 Dum
443 1458 520 1489 risu
543 1457 708 1490 lascivio.
735 1469 868 1491 versus
891 1458 976 1490 dum
997 1459 1170 1503 propino,

328 1512 440 1546 Rodii
462 1525 518 1546 me
540 1514 667 1546 forsan
688 1513 826 1559 aliquis
854 1514 964 1547 dente
989 1515 1133 1552 canino,

326 1569 423 1609 Quia
443 1581 506 1602 uec
529 1570 662 1603 affatus
686 1582 768 1602 sum
791 1577 988 1615 pneumate
1008 1570 1132 1603 divino

326 1625 455 1670 Neque
470 1625 575 1658 labra
598 1625 724 1671 prolui
753 1627 853 1660 fonte
883 1626 1140 1661 Caballino....

324 1706 418 1740 Cum
442 1708 616 1741 mundum
636 1709 795 1747 intueor,
815 1709 941 1742 sordis
965 1708 1076 1742 fluctu
1100 1721 1277 1746 mersum,

324 1763 369 1797 Et
391 1771 545 1797 naturae
570 1765 720 1809 penitus
743 1765 914 1798 ordinem
937 1777 1173 1810 perversum,

325 1820 363 1852 Si
385 1828 516 1853 natura
538 1827 660 1862 negat,
686 1821 771 1854 facit
793 1822 999 1863 indignatio
1023 1834 1173 1854 versum
1189 1825 1213 1855 ¹.

123 1914 190 1956 Illi
217 1931 368 1956 versus
390 1931 523 1973 quum
546 1915 679 1957 animi
706 1915 807 1957 elati
835 1916 1026 1957 auctoris
1055 1915 1291 1973 imaginem
1320 1916 1548 1973 praebent,

63 2000 151 2033 tum
198 1992 336 2050 ipsius
386 1992 700 2034 mediocritatis
753 1993 966 2034 rationem
1015 1992 1219 2034 reddunt.
1277 1993 1549 2045 Quibusdam

61 2068 285 2126 praeditus
320 2078 411 2111 erat
447 2070 681 2111 virtutibus
723 2071 838 2111 inter
877 2079 1044 2111 ceteras
1082 2086 1102 2110 e
1145 2070 1304 2126 quibus
1349 2079 1553 2112 constant

61 2154 286 2202 poetarum
332 2147 481 2197 animi,
532 2155 578 2188 ut
624 2147 818 2188 animosa
866 2147 1187 2204 indignatione,
1239 2155 1280 2187 et
1327 2147 1472 2195 etiam,
1517 2147 1551 2188 si

60 2237 205 2263 verum
254 2222 379 2264 fateri
422 2224 636 2274 volumus,
678 2224 843 2280 impetu
888 2223 1077 2281 quodam
1111 2239 1208 2265 cum
1253 2223 1412 2265 mentis
1454 2239 1550 2264 acu-

62 2299 190 2339 mine.
225 2300 393 2352 Quibus
416 2301 508 2357 ipse
538 2299 724 2350 afflatus,
756 2300 965 2358 quasdam
1000 2300 1204 2357 strophas
1233 2300 1411 2357 scripsit
1432 2300 1546 2341 virili

58 2375 386 2432 pulchritudine
421 2378 549 2419 simul
585 2386 626 2419 et
654 2378 868 2419 concinna
901 2386 1128 2418 venustate
1169 2377 1444 2434 conspicuas,
1477 2377 1545 2417 di-

58 2469 254 2512 gnasque
285 2470 391 2511 quas
426 2470 687 2511 seponamus
716 2463 844 2512 atque
877 2454 1160 2496 admiremur.
1193 2455 1331 2511 Hujus
1364 2454 1542 2512 generis

58 2538 158 2570 sunt
179 2546 289 2587 quae
311 2530 480 2579 scribit,
505 2531 742 2588 deplorans
764 2532 847 2572 vim
873 2531 1173 2589 exemplorum
1202 2547 1311 2588 quae
1341 2548 1361 2571 a
1387 2539 1545 2587 poten-

56 2606 241 2648 tioribus
287 2607 416 2664 hujus
471 2608 619 2650 mundi
666 2608 847 2659 dantur,
902 2609 973 2650 ubi
1020 2608 1088 2649 his
1141 2608 1368 2649 versiculis
1424 2607 1548 2664 quasi

56 2683 240 2740 colapho
267 2700 340 2726 eos
363 2684 506 2726 caed'it
528 2702 535 2725 ;

97 2833 124 2864 1.
149 2837 319 2873 poemata,
338 2845 370 2875 p.
394 2836 463 2865 153.
