1842 3288
279 328 338 358 140
775 333 825 358 DE
858 334 1082 359 WALTERIO
1118 333 1273 358 MAPPIO

286 420 463 459 obstant
491 418 596 474 quin
621 418 850 458 historiam
870 419 1083 459 scribenti
1105 434 1264 474 magno
1289 418 1343 458 sit
1366 418 1680 469 emolumento,
1703 418 1780 459 sed

288 495 471 535 multum
521 495 698 535 obstant
744 494 1028 536 delectationi
1066 511 1195 552 quam
1236 495 1342 535 viris
1382 494 1586 536 litteratis
1624 493 1779 536 afferre

285 580 449 628 posset.
469 571 589 612 Nihil
613 571 728 612 enim
752 571 805 612 de
829 573 971 628 pretio
992 572 1140 629 operis
1163 579 1332 612 tantum
1355 571 1548 613 detrahit
1569 580 1779 628 quantum

284 657 432 705 partes
463 649 577 688 inter
607 663 650 688 50
680 664 833 705 parum
864 649 1124 699 concordes,
1151 664 1248 689 cum
1284 648 1474 688 auctoris
1502 649 1779 706 propositum

285 734 326 766 et
358 725 534 783 insigne
565 724 684 773 libri,
721 726 845 782 quasi
882 727 996 767 nube
1033 726 1238 775 obducta,
1277 742 1297 765 a
1330 725 1493 766 lectore
1520 724 1779 767 difficillime

284 802 621 861 dignoscantur.
657 803 752 843 Non
784 802 1051 859 relinquitur
1087 803 1337 859 vestig-ium,
1376 801 1463 843 nisi
1496 810 1652 853 tenue3
1690 817 1777 842 non

284 880 445 938 imago,
467 880 551 919 nisi
579 879 759 929 incerta,
788 889 833 919 ut
859 880 1102 920 viatoribus
1132 879 1292 920 accidit
1324 880 1414 936 qui,
1447 887 1541 920 orta
1569 879 1774 939 caligine,

285 956 483 996 locorum
506 964 732 1013 aspectum
750 956 860 996 male
878 965 1216 1013 perspexerunt,
1237 965 1279 997 et
1300 956 1460 1014 quibus
1476 964 1568 997 tum
1585 956 1778 1016 ingentis

285 1033 375 1073 saxi
396 1032 547 1080 moles,
570 1041 659 1073 tum
682 1033 895 1074 immensa
919 1033 1230 1090 praecipitium
1247 1033 1434 1074 altitudo
1449 1049 1528 1090 per
1549 1033 1778 1074 intervalla

282 1118 453 1150 tantum
479 1126 576 1150 sese
603 1110 784 1150 visenda
808 1111 1123 1167 praebuerunt.

345 1187 391 1229 Si
426 1187 562 1245 igitur
595 1187 801 1244 Mappius
832 1187 949 1228 nulla
987 1187 1070 1228 alia
1101 1188 1269 1228 ratione
1303 1188 1449 1239 nobis,
1486 1195 1533 1228 ut
1568 1187 1773 1245 scriptor,

283 1264 670 1305 commendaretur
708 1280 837 1321 quam
881 1264 998 1321 quod
1039 1264 1199 1305 librum
1238 1264 1302 1305 De
1334 1264 1476 1321 Nagis
1512 1265 1776 1322 composuit,

284 1356 370 1381 non
406 1349 522 1381 esset
560 1341 759 1397 profecto
798 1357 875 1381 cur
909 1341 974 1381 illi
1012 1342 1358 1398 ignosceremus,
1406 1341 1483 1382 sed
1530 1356 1600 1382 res
1647 1341 1776 1399 longe

285 1417 412 1458 aliter
457 1434 501 1458 56
548 1418 694 1459 habet.
749 1418 940 1468 Etenim,
984 1427 1031 1458 ut
1073 1418 1308 1459 ostendere
1357 1417 1649 1467 studebimus,
1695 1418 1778 1459 alia

285 1494 463 1552 quidem
500 1510 660 1554 genera
700 1496 743 1535 in
790 1495 951 1536 litteris
994 1495 1066 1535 1116
1106 1495 1267 1553 attigit,
1307 1495 1484 1536 satiram
1525 1494 1695 1536 scilicet
1735 1503 1777 1535 et

284 1590 303 1609 «
339 1572 392 1612 de
428 1573 558 1612 rebus
591 1572 727 1631 gestis
757 1571 927 1612 fabulas
965 1589 1002 1612 )›.
1043 1574 1090 1613 111
1126 1572 1178 1613 115
1218 1588 1337 1623 vero,
1375 1571 1428 1613 de
1466 1572 1625 1629 quibus
1659 1587 1776 1613 nunc

282 1649 480 1705 quaestio
503 1657 585 1699 est,
612 1657 710 1689 ante
735 1649 897 1701 omnia,
930 1657 975 1689 111
1001 1650 1094 1705 ipse
1124 1649 1298 1706 saepius
1325 1648 1451 1700 dixit,
1473 1648 1664 1690 officium
1683 1649 1776 1690 his-

280 1725 409 1765 torici
435 1725 620 1781 implere
642 1734 824 1766 conatus
853 1734 932 1766 est.
961 1727 1207 1782 Utrumque
1234 1726 1440 1767 memoria
1471 1726 1664 1766 retinere
1686 1741 1774 1766 non

280 1801 435 1843 inutile
465 1801 564 1854 erit,
597 1802 699 1842 dum
730 1802 1057 1859 perpendemus
1092 1802 1199 1859 qnid
1233 1802 1513 1844 sentiendum
1542 1802 1613 1852 sit,
1650 1811 1691 1843 et
1720 1802 1774 1843 de

282 1879 393 1919 fictis
433 1879 777 1929 narrationibus,
811 1895 831 1919 e
868 1880 1027 1937 quibus
1062 1879 1173 1920 duae
1209 1880 1263 1920 de
1291 1880 1486 1937 quinque
1525 1881 1774 1921 Discinctio-

280 1956 409 1997 nibus
443 1956 625 1996 omnino
660 1965 878 2004 constant,
917 1964 959 1997 et
1001 1956 1054 1997 de
1094 1956 1319 1998 scribendi
1356 1965 1463 2006 arte,
1505 1972 1588 2014 qua
1622 1965 1774 1997 auctor

279 2033 383 2073 libri
407 2033 472 2074 De
493 2034 634 2090 Nugls
662 2049 765 2073 usus
789 2042 869 2074 est.

338 2111 427 2150 Hae
481 2118 624 2150 autem
673 2110 949 2151 narrationes
990 2110 1033 2151 in
1070 2111 1153 2152 tria
1192 2126 1355 2167 genera
1395 2111 1602 2152 distribui
1642 2126 1771 2168 posse

277 2186 500 2227 videntur.
537 2187 734 2228 Primum
768 2186 962 2243 quidem,
1000 2188 1053 2228 ab
1088 2187 1184 2228 aliis
1230 2187 1500 2229 secernenda
1540 2196 1605 2228 est
1640 2189 1772 2245 Epis-

278 2263 365 2303 tola
395 2263 446 2303 (le
476 2265 660 2320 conjuge
684 2279 769 2304 non
800 2264 1016 2314 (luc-enda,
1048 2279 1145 2304 cum
1174 2272 1400 2305 emunctae
1430 2264 1548 2304 naris
1576 2264 1769 2305 hominis

276 2339 333 2379 sit
352 2347 521 2380 tantum
545 2339 717 2396 lepidus
736 2341 905 2397 jocus¹;
925 2349 1093 2396 postea,
1112 2341 1157 2381 in
1174 2357 1308 2381 unum
1331 2340 1607 2382 conferemus
1629 2341 1770 2398 capita

277 2416 322 2456 in
349 2416 509 2472 quibus
538 2416 643 2457 satis
666 2417 820 2458 habuit
841 2417 1082 2461 NValterius
1111 2418 1359 2458 exscribere
1380 2426 1473 2458 tum
1501 2417 1691 2459 fabulam
1718 2417 1770 2459 de

275 2493 488 2533 Herluino
535 2509 650 2550 rege,
695 2494 786 2550 qui,
829 2510 927 2535 cum
970 2494 1262 2551 pumilionum
1303 2510 1452 2552 regem
1491 2494 1680 2535 invisere
1724 2494 1769 2535 in

277 2569 471 2610 animum
508 2569 772 2621 induxisset,
814 2570 991 2611 nonnisi
1021 2580 1121 2628 post
1166 2571 1380 2612 ducentos
1412 2587 1549 2612 annos
1589 2570 1767 2617 domum

274 2661 477 2687 reversus
506 2654 588 2697 est,
625 2647 684 2688 ita
718 2648 923 2688 omnibus
954 2647 1133 2705 ignotus
1166 2656 1211 2688 ut
1247 2648 1405 2689 iterum
1443 2649 1564 2689 abire
1591 2656 1766 2689 coactus

273 2721 422 2774 fuerit,
483 2730 622 2764 totum
681 2724 952 2765 circumierit
992 2725 1161 2776 orbem,
1204 2733 1245 2766 et
1290 2725 1466 2766 tandem
1519 2724 1563 2765 in
1610 2733 1765 2783 stagno

315 2894 345 2925 1.
367 2894 456 2925 Dist.
478 2894 549 2936 IV³,
570 2905 649 2935 cap.
670 2896 702 2927 3.
