<?xml version="1.0" encoding="UTF-8"?>
<!DOCTYPE html PUBLIC "-//W3C//DTD XHTML 1.0 Transitional//EN"
    "http://www.w3.org/TR/xhtml1/DTD/xhtml1-transitional.dtd">
<html xmlns="http://www.w3.org/1999/xhtml" xml:lang="en" lang="en">
 <head>
  <title>
</title>
<meta http-equiv="Content-Type" content="text/html;charset=utf-8" />
  <meta name='ocr-system' content='tesseract 3.04.00' />
  <meta name='ocr-capabilities' content='ocr_page ocr_carea ocr_par ocr_line ocrx_word'/>
</head>
<body>
  <div class='ocr_page' id='page_1' title='image "./dewalteriomappio00barduoft_0099.png"; bbox 0 0 1873 3329; ppageno 0'>
   <div class='ocr_carea' id='block_1_1' title="bbox 679 932 1007 976">
    <p class='ocr_par' dir='ltr' id='par_1_1' title="bbox 679 932 1007 976">
     <span class='ocr_line' id='line_1_1' title="bbox 679 932 1007 976; baseline 0.006 -2"><span class='ocrx_word' id='word_1_1' title='bbox 679 932 907 976; x_wconf 61' lang='lat' dir='ltr'>CAPUT</span> <span class='ocrx_word' id='word_1_2' title='bbox 963 936 1007 976; x_wconf 88' lang='grc' dir='ltr'>ΙΙ</span> 
     </span>
    </p>
   </div>
   <div class='ocr_carea' id='block_1_2' title="bbox 225 1136 1463 1207">
    <p class='ocr_par' dir='ltr' id='par_1_2' title="bbox 225 1136 1463 1207">
     <span class='ocr_line' id='line_1_2' title="bbox 225 1136 1463 1207; baseline 0.002 -19"><span class='ocrx_word' id='word_1_3' title='bbox 225 1136 314 1189; x_wconf 84' lang='lat' dir='ltr'>De</span> <span class='ocrx_word' id='word_1_4' title='bbox 355 1137 582 1190; x_wconf 77' lang='lat' dir='ltr'>homine</span> <span class='ocrx_word' id='word_1_5' title='bbox 621 1157 687 1190; x_wconf 82' lang='lat' dir='ltr'>ac</span> <span class='ocrx_word' id='word_1_6' title='bbox 730 1138 797 1190; x_wconf 79' lang='lat' dir='ltr'>de</span> <span class='ocrx_word' id='word_1_7' title='bbox 837 1138 1052 1191; x_wconf 73' lang='lat' dir='ltr'>viribus</span> <span class='ocrx_word' id='word_1_8' title='bbox 1094 1138 1463 1207; x_wconf 75' lang='lat' dir='ltr'>cogitationis</span> 
     </span>
    </p>
   </div>
   <div class='ocr_carea' id='block_1_3' title="bbox 95 1279 1592 2551">
    <p class='ocr_par' dir='ltr' id='par_1_3' title="bbox 97 1279 1591 1493">
     <span class='ocr_line' id='line_1_3' title="bbox 97 1279 1591 1326; baseline 0 -13"><span class='ocrx_word' id='word_1_9' title='bbox 97 1281 149 1323; x_wconf 64' lang='lat' dir='ltr'>§l</span> <span class='ocrx_word' id='word_1_10' title='bbox 193 1281 246 1312; x_wconf 67' lang='lat' dir='ltr'>Dr:</span> <span class='ocrx_word' id='word_1_11' title='bbox 276 1292 426 1313; x_wconf 58' lang='lat' dir='ltr'>uoxuxr.</span> <span class='ocrx_word' id='word_1_12' title='bbox 454 1300 500 1304; x_wconf 97' lang='lat'><strong>—</strong></span> <span class='ocrx_word' id='word_1_13' title='bbox 536 1279 562 1313; x_wconf 89' lang='lat' dir='ltr'>l.</span> <span class='ocrx_word' id='word_1_14' title='bbox 600 1281 651 1313; x_wconf 79' lang='lat' dir='ltr'>De</span> <span class='ocrx_word' id='word_1_15' title='bbox 683 1281 807 1326; x_wconf 78' lang='lat' dir='ltr'>equite</span> <span class='ocrx_word' id='word_1_16' title='bbox 836 1279 998 1323; x_wconf 75' lang='lat' dir='ltr'>feudali.</span> <span class='ocrx_word' id='word_1_17' title='bbox 1024 1300 1067 1304; x_wconf 90' lang='lat'>—</span> <span class='ocrx_word' id='word_1_18' title='bbox 1099 1282 1300 1320; x_wconf 87' lang='lat' dir='ltr'>Quomodo</span> <span class='ocrx_word' id='word_1_19' title='bbox 1332 1281 1507 1326; x_wconf 78' lang='lat' dir='ltr'>Mappius</span> <span class='ocrx_word' id='word_1_20' title='bbox 1535 1294 1591 1314; x_wconf 88' lang='lat' dir='ltr'>ea—</span> 
     </span>
     <span class='ocr_line' id='line_1_4' title="bbox 148 1337 1588 1382; baseline 0.001 -14"><span class='ocrx_word' id='word_1_21' title='bbox 148 1337 230 1369; x_wconf 84' lang='lat' dir='ltr'>dem</span> <span class='ocrx_word' id='word_1_22' title='bbox 260 1348 332 1381; x_wconf 83' lang='lat' dir='ltr'>qua</span> <span class='ocrx_word' id='word_1_23' title='bbox 364 1348 543 1380; x_wconf 74' lang='lat' dir='ltr'>proceres</span> <span class='ocrx_word' id='word_1_24' title='bbox 579 1337 795 1378; x_wconf 67' lang='lat' dir='ltr'>arrogantia</span> <span class='ocrx_word' id='word_1_25' title='bbox 826 1348 864 1367; x_wconf 69' lang='lat' dir='ltr'>st·</span> <span class='ocrx_word' id='word_1_26' title='bbox 893 1337 1059 1379; x_wconf 74' lang='lat' dir='ltr'>gesserit</span> <span class='ocrx_word' id='word_1_27' title='bbox 1090 1348 1177 1381; x_wconf 79' lang='lat' dir='ltr'>erga</span> <span class='ocrx_word' id='word_1_28' title='bbox 1219 1337 1379 1382; x_wconf 84' lang='lat' dir='ltr'>nobiles,</span> <span class='ocrx_word' id='word_1_29' title='bbox 1410 1337 1588 1371; x_wconf 78' lang='lat' dir='ltr'>Saxones.</span> 
     </span>
     <span class='ocr_line' id='line_1_5' title="bbox 147 1392 1590 1438; baseline 0.001 -14"><span class='ocrx_word' id='word_1_30' title='bbox 147 1392 384 1425; x_wconf 74' lang='lat' dir='ltr'>Normannos</span> <span class='ocrx_word' id='word_1_31' title='bbox 413 1399 448 1425; x_wconf 90' lang='lat' dir='ltr'>et</span> <span class='ocrx_word' id='word_1_32' title='bbox 477 1404 622 1425; x_wconf 75' lang='lat' dir='ltr'>servos,</span> <span class='ocrx_word' id='word_1_33' title='bbox 646 1412 687 1416; x_wconf 85' lang='lat'>—</span> <span class='ocrx_word' id='word_1_34' title='bbox 713 1392 752 1424; x_wconf 91' lang='lat' dir='ltr'>In</span> <span class='ocrx_word' id='word_1_35' title='bbox 784 1404 858 1437; x_wconf 81' lang='lat' dir='ltr'>quo</span> <span class='ocrx_word' id='word_1_36' title='bbox 888 1392 1064 1438; x_wconf 76' lang='lat' dir='ltr'>aequales</span> <span class='ocrx_word' id='word_1_37' title='bbox 1087 1394 1294 1426; x_wconf 78' lang='lat' dir='ltr'>antecedat.</span> <span class='ocrx_word' id='word_1_38' title='bbox 1318 1413 1362 1418; x_wconf 92' lang='lat'>——</span> <span class='ocrx_word' id='word_1_39' title='bbox 1390 1393 1590 1434; x_wconf 78' lang='lat' dir='ltr'>Quomodo</span> 
     </span>
     <span class='ocr_line' id='line_1_6' title="bbox 148 1448 844 1493; baseline 0.003 -12"><span class='ocrx_word' id='word_1_40' title='bbox 148 1448 350 1481; x_wconf 88' lang='lat' dir='ltr'>centralem</span> <span class='ocrx_word' id='word_1_41' title='bbox 366 1455 593 1493; x_wconf 87' lang='lat' dir='ltr'>potestatem</span> <span class='ocrx_word' id='word_1_42' title='bbox 616 1449 844 1493; x_wconf 73' lang='lat' dir='ltr'>conceperit.</span> 
     </span>
    </p>

    <p class='ocr_par' dir='ltr' id='par_1_4' title="bbox 98 1503 1592 1774">
     <span class='ocr_line' id='line_1_7' title="bbox 98 1503 1590 1553; baseline 0.003 -17"><span class='ocrx_word' id='word_1_43' title='bbox 98 1504 146 1538; x_wconf 89' lang='lat'>11.</span> <span class='ocrx_word' id='word_1_44' title='bbox 172 1506 225 1538; x_wconf 86' lang='lat' dir='ltr'>De</span> <span class='ocrx_word' id='word_1_45' title='bbox 247 1503 515 1538; x_wconf 80' lang='lat' dir='ltr'>sacerdote.—</span> <span class='ocrx_word' id='word_1_46' title='bbox 530 1504 570 1537; x_wconf 93' lang='lat' dir='ltr'>In</span> <span class='ocrx_word' id='word_1_47' title='bbox 592 1516 665 1549; x_wconf 85' lang='lat' dir='ltr'>quo</span> <span class='ocrx_word' id='word_1_48' title='bbox 682 1505 729 1537; x_wconf 92' lang='lat' dir='ltr'>sit</span> <span class='ocrx_word' id='word_1_49' title='bbox 753 1505 809 1537; x_wconf 85' lang='lat' dir='ltr'>sui</span> <span class='ocrx_word' id='word_1_50' title='bbox 832 1505 1016 1550; x_wconf 85' lang='lat' dir='ltr'>temporis</span> <span class='ocrx_word' id='word_1_51' title='bbox 1040 1506 1238 1539; x_wconf 86' lang='lat' dir='ltr'>sacerdos:</span> <span class='ocrx_word' id='word_1_52' title='bbox 1265 1506 1343 1539; x_wconf 84' lang='lat' dir='ltr'>sine</span> <span class='ocrx_word' id='word_1_53' title='bbox 1360 1507 1434 1540; x_wconf 85' lang='lat' dir='ltr'>ulla</span> <span class='ocrx_word' id='word_1_54' title='bbox 1457 1520 1590 1553; x_wconf 76' lang='lat' dir='ltr'>excep-</span> 
     </span>
     <span class='ocr_line' id='line_1_8' title="bbox 145 1561 1589 1606; baseline 0.002 -13"><span class='ocrx_word' id='word_1_55' title='bbox 145 1561 246 1593; x_wconf 86' lang='lat' dir='ltr'>tione</span> <span class='ocrx_word' id='word_1_56' title='bbox 269 1561 414 1599; x_wconf 86' lang='lat' dir='ltr'>credit;</span> <span class='ocrx_word' id='word_1_57' title='bbox 446 1561 709 1606; x_wconf 85' lang='lat' dir='ltr'>prodigiorum</span> <span class='ocrx_word' id='word_1_58' title='bbox 741 1561 936 1594; x_wconf 82' lang='lat' dir='ltr'>studiosus</span> <span class='ocrx_word' id='word_1_59' title='bbox 958 1568 1028 1601; x_wconf 80' lang='lat' dir='ltr'>est,</span> <span class='ocrx_word' id='word_1_60' title='bbox 1053 1561 1244 1594; x_wconf 80' lang='lat' dir='ltr'>Ecclesiae</span> <span class='ocrx_word' id='word_1_61' title='bbox 1268 1563 1454 1598; x_wconf 79' lang='lat' dir='ltr'>addictus.</span> <span class='ocrx_word' id='word_1_62' title='bbox 1480 1584 1526 1589; x_wconf 87' lang='lat'><strong>—</strong></span> <span class='ocrx_word' id='word_1_63' title='bbox 1550 1565 1589 1596; x_wconf 92' lang='lat' dir='ltr'>In</span> 
     </span>
     <span class='ocr_line' id='line_1_9' title="bbox 143 1617 1592 1662; baseline 0.003 -13"><span class='ocrx_word' id='word_1_64' title='bbox 143 1629 219 1662; x_wconf 90' lang='lat' dir='ltr'>quo</span> <span class='ocrx_word' id='word_1_65' title='bbox 260 1629 366 1649; x_wconf 88' lang='lat' dir='ltr'>suam</span> <span class='ocrx_word' id='word_1_66' title='bbox 405 1623 564 1650; x_wconf 85' lang='lat' dir='ltr'>aetatem</span> <span class='ocrx_word' id='word_1_67' title='bbox 600 1624 745 1650; x_wconf 86' lang='lat' dir='ltr'>anteeat</span> <span class='ocrx_word' id='word_1_68' title='bbox 787 1630 792 1649; x_wconf 91' lang='lat'><strong>:</strong></span> <span class='ocrx_word' id='word_1_69' title='bbox 824 1618 857 1649; x_wconf 89' lang='lat' dir='ltr'>in</span> <span class='ocrx_word' id='word_1_70' title='bbox 896 1617 1064 1653; x_wconf 86' lang='lat' dir='ltr'>Romam.</span> <span class='ocrx_word' id='word_1_71' title='bbox 1103 1618 1138 1650; x_wconf 92' lang='lat' dir='ltr'>in</span> <span class='ocrx_word' id='word_1_72' title='bbox 1175 1619 1404 1652; x_wconf 85' lang='lat' dir='ltr'>monasticos</span> <span class='ocrx_word' id='word_1_73' title='bbox 1439 1621 1592 1653; x_wconf 83' lang='lat' dir='ltr'>ordines</span> 
     </span>
     <span class='ocr_line' id='line_1_10' title="bbox 145 1672 1590 1719; baseline 0.003 -14"><span class='ocrx_word' id='word_1_74' title='bbox 145 1673 347 1715; x_wconf 78' lang='lat' dir='ltr'>invehitur,</span> <span class='ocrx_word' id='word_1_75' title='bbox 369 1673 403 1705; x_wconf 91' lang='lat' dir='ltr'>in</span> <span class='ocrx_word' id='word_1_76' title='bbox 426 1672 664 1717; x_wconf 87' lang='lat' dir='ltr'>Templarios</span> <span class='ocrx_word' id='word_1_77' title='bbox 687 1681 721 1706; x_wconf 87' lang='lat' dir='ltr'>et</span> <span class='ocrx_word' id='word_1_78' title='bbox 745 1674 1021 1706; x_wconf 79' lang='lat' dir='ltr'>Cistercienses</span> <span class='ocrx_word' id='word_1_79' title='bbox 1043 1675 1282 1719; x_wconf 85' lang='lat' dir='ltr'>praesertim.</span> <span class='ocrx_word' id='word_1_80' title='bbox 1308 1694 1352 1700; x_wconf 94' lang='lat'><strong>—</strong></span> <span class='ocrx_word' id='word_1_81' title='bbox 1374 1676 1427 1708; x_wconf 79' lang='lat' dir='ltr'>De</span> <span class='ocrx_word' id='word_1_82' title='bbox 1456 1677 1590 1710; x_wconf 78' lang='lat' dir='ltr'>Sancto</span> 
     </span>
     <span class='ocr_line' id='line_1_11' title="bbox 146 1729 1061 1774; baseline 0.002 -13"><span class='ocrx_word' id='word_1_83' title='bbox 146 1729 356 1762; x_wconf 86' lang='lat' dir='ltr'>Bernardo.</span> <span class='ocrx_word' id='word_1_84' title='bbox 379 1749 422 1753; x_wconf 94' lang='lat'><strong>—</strong></span> <span class='ocrx_word' id='word_1_85' title='bbox 448 1729 502 1762; x_wconf 85' lang='lat' dir='ltr'>De</span> <span class='ocrx_word' id='word_1_86' title='bbox 525 1729 737 1772; x_wconf 75' lang='lat' dir='ltr'>cognitione</span> <span class='ocrx_word' id='word_1_87' title='bbox 767 1729 1061 1774; x_wconf 84' lang='lat' dir='ltr'>Scripturarum.</span> 
     </span>
    </p>

    <p class='ocr_par' dir='ltr' id='par_1_5' title="bbox 98 1784 1591 1998">
     <span class='ocr_line' id='line_1_12' title="bbox 98 1784 1588 1832; baseline 0.003 -15"><span class='ocrx_word' id='word_1_88' title='bbox 98 1785 165 1819; x_wconf 90' lang='lat'>111.</span> <span class='ocrx_word' id='word_1_89' title='bbox 202 1786 256 1819; x_wconf 84' lang='lat' dir='ltr'>De</span> <span class='ocrx_word' id='word_1_90' title='bbox 288 1784 431 1819; x_wconf 56' lang='lat' dir='ltr'>uis-endi</span> <span class='ocrx_word' id='word_1_91' title='bbox 457 1791 720 1832; x_wconf 76' lang='lat' dir='ltr'>praeceptore.</span> <span class='ocrx_word' id='word_1_92' title='bbox 747 1807 789 1810; x_wconf 90' lang='lat'>—-</span> <span class='ocrx_word' id='word_1_93' title='bbox 816 1786 854 1818; x_wconf 92' lang='lat' dir='ltr'>In</span> <span class='ocrx_word' id='word_1_94' title='bbox 879 1798 953 1831; x_wconf 89' lang='lat' dir='ltr'>quo</span> <span class='ocrx_word' id='word_1_95' title='bbox 972 1787 1211 1832; x_wconf 82' lang='lat' dir='ltr'>praeceptiva</span> <span class='ocrx_word' id='word_1_96' title='bbox 1234 1788 1356 1821; x_wconf 87' lang='lat' dir='ltr'>studia</span> <span class='ocrx_word' id='word_1_97' title='bbox 1377 1788 1588 1822; x_wconf 86' lang='lat' dir='ltr'>litterarum</span> 
     </span>
     <span class='ocr_line' id='line_1_13' title="bbox 146 1841 1591 1888; baseline 0.003 -14"><span class='ocrx_word' id='word_1_98' title='bbox 146 1841 378 1874; x_wconf 89' lang='lat' dir='ltr'>Gallicarum</span> <span class='ocrx_word' id='word_1_99' title='bbox 401 1853 444 1875; x_wconf 91' lang='lat' dir='ltr'>eo</span> <span class='ocrx_word' id='word_1_100' title='bbox 467 1848 638 1887; x_wconf 89' lang='lat' dir='ltr'>tempore</span> <span class='ocrx_word' id='word_1_101' title='bbox 660 1842 856 1887; x_wconf 86' lang='lat' dir='ltr'>exprimat.</span> <span class='ocrx_word' id='word_1_102' title='bbox 879 1863 924 1868; x_wconf 90' lang='lat'>—</span> <span class='ocrx_word' id='word_1_103' title='bbox 946 1843 986 1874; x_wconf 92' lang='lat' dir='ltr'>In</span> <span class='ocrx_word' id='word_1_104' title='bbox 1009 1855 1083 1888; x_wconf 93' lang='lat' dir='ltr'>quo</span> <span class='ocrx_word' id='word_1_105' title='bbox 1104 1843 1218 1876; x_wconf 86' lang='lat' dir='ltr'>latius</span> <span class='ocrx_word' id='word_1_106' title='bbox 1239 1845 1523 1888; x_wconf 75' lang='lat' dir='ltr'>progrediatur.</span> <span class='ocrx_word' id='word_1_107' title='bbox 1547 1865 1591 1870; x_wconf 84' lang='lat'><strong>—</strong></span> 
     </span>
     <span class='ocr_line' id='line_1_14' title="bbox 146 1897 1588 1946; baseline 0.002 -15"><span class='ocrx_word' id='word_1_108' title='bbox 146 1897 243 1931; x_wconf 85' lang='lat' dir='ltr'>Vere</span> <span class='ocrx_word' id='word_1_109' title='bbox 266 1898 412 1930; x_wconf 75' lang='lat' dir='ltr'>vivendi</span> <span class='ocrx_word' id='word_1_110' title='bbox 435 1905 662 1943; x_wconf 84' lang='lat' dir='ltr'>praeceptor</span> <span class='ocrx_word' id='word_1_111' title='bbox 677 1906 733 1931; x_wconf 87' lang='lat' dir='ltr'>est</span> <span class='ocrx_word' id='word_1_112' title='bbox 756 1898 947 1944; x_wconf 82' lang='lat' dir='ltr'>Mappius,</span> <span class='ocrx_word' id='word_1_113' title='bbox 966 1900 1066 1944; x_wconf 87' lang='lat' dir='ltr'>quod</span> <span class='ocrx_word' id='word_1_114' title='bbox 1088 1899 1274 1944; x_wconf 90' lang='lat' dir='ltr'>probatur</span> <span class='ocrx_word' id='word_1_115' title='bbox 1302 1900 1405 1933; x_wconf 90' lang='lat' dir='ltr'>illius</span> <span class='ocrx_word' id='word_1_116' title='bbox 1425 1901 1588 1946; x_wconf 85' lang='lat' dir='ltr'>ingenio,</span> 
     </span>
     <span class='ocr_line' id='line_1_15' title="bbox 143 1953 961 1998; baseline 0.004 -12"><span class='ocrx_word' id='word_1_117' title='bbox 143 1954 418 1998; x_wconf 82' lang='lat' dir='ltr'>indignatione,</span> <span class='ocrx_word' id='word_1_118' title='bbox 440 1953 599 1988; x_wconf 80' lang='lat' dir='ltr'>salibus.</span> <span class='ocrx_word' id='word_1_119' title='bbox 958 1986 961 1989; x_wconf 90' lang='lat'>.</span> 
     </span>
    </p>

    <p class='ocr_par' dir='ltr' id='par_1_6' title="bbox 97 2009 1589 2112">
     <span class='ocr_line' id='line_1_16' title="bbox 97 2009 1589 2058; baseline 0.003 -16"><span class='ocrx_word' id='word_1_120' title='bbox 97 2009 160 2045; x_wconf 86' lang='lat' dir='ltr'>IV.</span> <span class='ocrx_word' id='word_1_121' title='bbox 185 2012 238 2044; x_wconf 84' lang='lat' dir='ltr'>De</span> <span class='ocrx_word' id='word_1_122' title='bbox 258 2010 410 2058; x_wconf 62' lang='lat' dir='ltr'>stlappii</span> <span class='ocrx_word' id='word_1_123' title='bbox 431 2010 663 2044; x_wconf 80' lang='lat' dir='ltr'>urbanitate.</span> <span class='ocrx_word' id='word_1_124' title='bbox 678 2011 909 2044; x_wconf 79' lang='lat' dir='ltr'>—Meritam</span> <span class='ocrx_word' id='word_1_125' title='bbox 932 2012 1115 2044; x_wconf 84' lang='lat' dir='ltr'>famamin</span> <span class='ocrx_word' id='word_1_126' title='bbox 1137 2011 1205 2046; x_wconf 87' lang='lat' dir='ltr'>hoc</span> <span class='ocrx_word' id='word_1_127' title='bbox 1228 2012 1404 2058; x_wconf 78' lang='lat' dir='ltr'>Mappius</span> <span class='ocrx_word' id='word_1_128' title='bbox 1427 2013 1589 2047; x_wconf 85' lang='lat' dir='ltr'>obtinuit</span> 
     </span>
     <span class='ocr_line' id='line_1_17' title="bbox 144 2066 1586 2112; baseline 0.004 -14"><span class='ocrx_word' id='word_1_129' title='bbox 144 2066 322 2099; x_wconf 84' lang='lat' dir='ltr'>narrandi</span> <span class='ocrx_word' id='word_1_130' title='bbox 340 2066 528 2105; x_wconf 82' lang='lat' dir='ltr'>facultate,</span> <span class='ocrx_word' id='word_1_131' title='bbox 549 2066 692 2099; x_wconf 87' lang='lat' dir='ltr'>salibus</span> <span class='ocrx_word' id='word_1_132' title='bbox 715 2079 809 2100; x_wconf 90' lang='lat' dir='ltr'>nunc</span> <span class='ocrx_word' id='word_1_133' title='bbox 832 2067 996 2112; x_wconf 84' lang='lat' dir='ltr'>gallicis,</span> <span class='ocrx_word' id='word_1_134' title='bbox 1018 2080 1113 2101; x_wconf 89' lang='lat' dir='ltr'>nunc</span> <span class='ocrx_word' id='word_1_135' title='bbox 1130 2067 1299 2108; x_wconf 82' lang='lat' dir='ltr'>urbanis,</span> <span class='ocrx_word' id='word_1_136' title='bbox 1315 2081 1409 2102; x_wconf 90' lang='lat' dir='ltr'>nunc</span> <span class='ocrx_word' id='word_1_137' title='bbox 1424 2070 1586 2105; x_wconf 81' lang='lat' dir='ltr'>acerbis.</span> 
     </span>
    </p>

    <p class='ocr_par' dir='ltr' id='par_1_7' title="bbox 97 2122 1412 2170">
     <span class='ocr_line' id='line_1_18' title="bbox 97 2122 1412 2170; baseline 0.003 -15"><span class='ocrx_word' id='word_1_138' title='bbox 97 2122 125 2155; x_wconf 89' lang='lat' dir='ltr'>E</span> <span class='ocrx_word' id='word_1_139' title='bbox 148 2135 222 2169; x_wconf 85' lang='lat' dir='ltr'>qua</span> <span class='ocrx_word' id='word_1_140' title='bbox 245 2123 363 2167; x_wconf 87' lang='lat' dir='ltr'>stirpe</span> <span class='ocrx_word' id='word_1_141' title='bbox 385 2129 492 2156; x_wconf 85' lang='lat' dir='ltr'>ortus</span> <span class='ocrx_word' id='word_1_142' title='bbox 515 2123 564 2156; x_wconf 86' lang='lat' dir='ltr'>sit</span> <span class='ocrx_word' id='word_1_143' title='bbox 580 2122 757 2168; x_wconf 86' lang='lat' dir='ltr'>Mappius</span> <span class='ocrx_word' id='word_1_144' title='bbox 779 2123 992 2157; x_wconf 86' lang='lat' dir='ltr'>certissime</span> <span class='ocrx_word' id='word_1_145' title='bbox 1007 2124 1156 2158; x_wconf 84' lang='lat' dir='ltr'>decerni</span> <span class='ocrx_word' id='word_1_146' title='bbox 1178 2136 1251 2158; x_wconf 89' lang='lat' dir='ltr'>non</span> <span class='ocrx_word' id='word_1_147' title='bbox 1273 2132 1412 2170; x_wconf 74' lang='lat' dir='ltr'>potest.</span> 
     </span>
    </p>

    <p class='ocr_par' dir='ltr' id='par_1_8' title="bbox 95 2179 1588 2551">
     <span class='ocr_line' id='line_1_19' title="bbox 95 2179 1588 2227; baseline 0.003 -16"><span class='ocrx_word' id='word_1_148' title='bbox 95 2179 151 2223; x_wconf 70' lang='lat'>§2</span> <span class='ocrx_word' id='word_1_149' title='bbox 174 2180 228 2212; x_wconf 69' lang='lat' dir='ltr'>DE</span> <span class='ocrx_word' id='word_1_150' title='bbox 256 2191 399 2212; x_wconf 75' lang='lat' dir='ltr'>vmlssus</span> <span class='ocrx_word' id='word_1_151' title='bbox 427 2190 681 2212; x_wconf 73' lang='lat' dir='ltr'>COG1TAT10NIS</span> <span class='ocrx_word' id='word_1_152' title='bbox 703 2191 795 2212; x_wconf 75' lang='lat' dir='ltr'>APUD</span> <span class='ocrx_word' id='word_1_153' title='bbox 824 2180 1008 2213; x_wconf 58' lang='lat' dir='ltr'>Marmmi.</span> <span class='ocrx_word' id='word_1_154' title='bbox 1034 2200 1079 2205; x_wconf 90' lang='lat'>—</span> <span class='ocrx_word' id='word_1_155' title='bbox 1100 2180 1234 2225; x_wconf 83' lang='lat' dir='ltr'>Magna</span> <span class='ocrx_word' id='word_1_156' title='bbox 1263 2188 1321 2214; x_wconf 81' lang='lat' dir='ltr'>est</span> <span class='ocrx_word' id='word_1_157' title='bbox 1347 2183 1588 2227; x_wconf 83' lang='lat' dir='ltr'>cogitationis</span> 
     </span>
     <span class='ocr_line' id='line_1_20' title="bbox 144 2235 1587 2275; baseline 0.002 -7"><span class='ocrx_word' id='word_1_158' title='bbox 144 2235 246 2268; x_wconf 91' lang='lat' dir='ltr'>illius</span> <span class='ocrx_word' id='word_1_159' title='bbox 275 2235 492 2273; x_wconf 87' lang='lat' dir='ltr'>infirmitas;</span> <span class='ocrx_word' id='word_1_160' title='bbox 518 2235 644 2269; x_wconf 89' lang='lat' dir='ltr'>multis</span> <span class='ocrx_word' id='word_1_161' title='bbox 670 2236 771 2269; x_wconf 90' lang='lat' dir='ltr'>vitiis</span> <span class='ocrx_word' id='word_1_162' title='bbox 801 2235 963 2275; x_wconf 88' lang='lat' dir='ltr'>laborat,</span> <span class='ocrx_word' id='word_1_163' title='bbox 996 2248 1078 2270; x_wconf 90' lang='lat' dir='ltr'>cum</span> <span class='ocrx_word' id='word_1_164' title='bbox 1109 2238 1282 2271; x_wconf 88' lang='lat' dir='ltr'>nondum.</span> <span class='ocrx_word' id='word_1_165' title='bbox 1302 2238 1520 2271; x_wconf 78' lang='lat' dir='ltr'>adoleverit.</span> <span class='ocrx_word' id='word_1_166' title='bbox 1544 2259 1587 2263; x_wconf 90' lang='lat'>—</span> 
     </span>
     <span class='ocr_line' id='line_1_21' title="bbox 148 2291 1585 2337; baseline 0.003 -13"><span class='ocrx_word' id='word_1_167' title='bbox 148 2294 176 2325; x_wconf 95' lang='lat' dir='ltr'>l.</span> <span class='ocrx_word' id='word_1_168' title='bbox 222 2291 429 2325; x_wconf 86' lang='lat' dir='ltr'>Puerorum</span> <span class='ocrx_word' id='word_1_169' title='bbox 476 2303 579 2325; x_wconf 91' lang='lat' dir='ltr'>more</span> <span class='ocrx_word' id='word_1_170' title='bbox 614 2292 791 2337; x_wconf 77' lang='lat' dir='ltr'>Mappius</span> <span class='ocrx_word' id='word_1_171' title='bbox 820 2304 924 2325; x_wconf 90' lang='lat' dir='ltr'>suam</span> <span class='ocrx_word' id='word_1_172' title='bbox 969 2293 1162 2326; x_wconf 85' lang='lat' dir='ltr'>scientiam</span> <span class='ocrx_word' id='word_1_173' title='bbox 1208 2300 1390 2332; x_wconf 85' lang='lat' dir='ltr'>ostentat;</span> <span class='ocrx_word' id='word_1_174' title='bbox 1424 2296 1585 2328; x_wconf 87' lang='lat' dir='ltr'>nondum</span> 
     </span>
     <span class='ocr_line' id='line_1_22' title="bbox 147 2347 1587 2395; baseline 0.002 -14"><span class='ocrx_word' id='word_1_175' title='bbox 147 2348 248 2381; x_wconf 89' lang='lat' dir='ltr'>illam</span> <span class='ocrx_word' id='word_1_176' title='bbox 272 2347 468 2382; x_wconf 84' lang='lat' dir='ltr'>combibit.</span> <span class='ocrx_word' id='word_1_177' title='bbox 493 2368 537 2372; x_wconf 96' lang='lat'><strong>—</strong></span> <span class='ocrx_word' id='word_1_178' title='bbox 559 2348 591 2382; x_wconf 80' lang='lat'>2.</span> <span class='ocrx_word' id='word_1_179' title='bbox 622 2348 751 2382; x_wconf 74' lang='lat' dir='ltr'>Nescit</span> <span class='ocrx_word' id='word_1_180' title='bbox 779 2349 986 2382; x_wconf 85' lang='lat' dir='ltr'>sententias</span> <span class='ocrx_word' id='word_1_181' title='bbox 1016 2349 1252 2383; x_wconf 86' lang='lat' dir='ltr'>rationaliter</span> <span class='ocrx_word' id='word_1_182' title='bbox 1280 2351 1524 2395; x_wconf 82' lang='lat' dir='ltr'>amplificare.</span> <span class='ocrx_word' id='word_1_183' title='bbox 1544 2371 1587 2376; x_wconf 88' lang='lat'><em>—</em></span> 
     </span>
     <span class='ocr_line' id='line_1_23' title="bbox 143 2404 1586 2450; baseline 0.001 -12"><span class='ocrx_word' id='word_1_184' title='bbox 143 2405 176 2438; x_wconf 91' lang='lat'>3.</span> <span class='ocrx_word' id='word_1_185' title='bbox 201 2404 331 2437; x_wconf 80' lang='lat' dir='ltr'>Nescit</span> <span class='ocrx_word' id='word_1_186' title='bbox 352 2416 437 2437; x_wconf 88' lang='lat' dir='ltr'>esse</span> <span class='ocrx_word' id='word_1_187' title='bbox 460 2404 586 2437; x_wconf 68' lang='lat' dir='ltr'>brevis</span> <span class='ocrx_word' id='word_1_188' title='bbox 612 2418 616 2435; x_wconf 89' lang='lat'><strong>:</strong></span> <span class='ocrx_word' id='word_1_189' title='bbox 649 2404 821 2438; x_wconf 87' lang='lat' dir='ltr'>seniliter</span> <span class='ocrx_word' id='word_1_190' title='bbox 847 2405 1001 2450; x_wconf 85' lang='lat' dir='ltr'>cogitat,</span> <span class='ocrx_word' id='word_1_191' title='bbox 1025 2417 1097 2439; x_wconf 89' lang='lat' dir='ltr'>non</span> <span class='ocrx_word' id='word_1_192' title='bbox 1120 2405 1281 2440; x_wconf 85' lang='lat' dir='ltr'>sortiter.</span> <span class='ocrx_word' id='word_1_193' title='bbox 1305 2427 1350 2432; x_wconf 89' lang='lat'><em>-</em></span> <span class='ocrx_word' id='word_1_194' title='bbox 1378 2407 1410 2440; x_wconf 65' lang='lat' dir='ltr'>si.</span> <span class='ocrx_word' id='word_1_195' title='bbox 1440 2408 1586 2440; x_wconf 80' lang='lat' dir='ltr'>Gaudet</span> 
     </span>
     <span class='ocr_line' id='line_1_24' title="bbox 146 2459 1586 2506; baseline 0.002 -13"><span class='ocrx_word' id='word_1_196' title='bbox 146 2461 346 2494; x_wconf 83' lang='lat' dir='ltr'>sententiis</span> <span class='ocrx_word' id='word_1_197' title='bbox 385 2459 648 2505; x_wconf 85' lang='lat' dir='ltr'>generalibus;</span> <span class='ocrx_word' id='word_1_198' title='bbox 684 2461 852 2505; x_wconf 88' lang='lat' dir='ltr'>jejunum</span> <span class='ocrx_word' id='word_1_199' title='bbox 893 2462 973 2506; x_wconf 88' lang='lat' dir='ltr'>ejus</span> <span class='ocrx_word' id='word_1_200' title='bbox 1021 2462 1230 2506; x_wconf 86' lang='lat' dir='ltr'>ingenium;</span> <span class='ocrx_word' id='word_1_201' title='bbox 1265 2463 1424 2496; x_wconf 79' lang='lat' dir='ltr'>feliciter</span> <span class='ocrx_word' id='word_1_202' title='bbox 1466 2471 1586 2497; x_wconf 79' lang='lat' dir='ltr'>tamen</span> 
     </span>
     <span class='ocr_line' id='line_1_25' title="bbox 142 2523 284 2551; baseline 0.007 -1"><span class='ocrx_word' id='word_1_203' title='bbox 142 2523 284 2551; x_wconf 88' lang='lat' dir='ltr'>narrat.</span> 
     </span>
    </p>
   </div>
   <div class='ocr_carea' id='block_1_4' title="bbox 99 2628 1593 2919">
    <p class='ocr_par' dir='ltr' id='par_1_9' title="bbox 99 2628 1593 2919">
     <span class='ocr_line' id='line_1_26' title="bbox 157 2628 1585 2689; baseline 0.003 -20"><span class='ocrx_word' id='word_1_204' title='bbox 157 2631 300 2686; x_wconf 87' lang='lat' dir='ltr'>Ipsam</span> <span class='ocrx_word' id='word_1_205' title='bbox 337 2644 466 2685; x_wconf 87' lang='lat' dir='ltr'>supra</span> <span class='ocrx_word' id='word_1_206' title='bbox 496 2628 700 2673; x_wconf 84' lang='lat' dir='ltr'>Walterii</span> <span class='ocrx_word' id='word_1_207' title='bbox 729 2645 963 2686; x_wconf 86' lang='lat' dir='ltr'>personam</span> <span class='ocrx_word' id='word_1_208' title='bbox 995 2629 1326 2679; x_wconf 86' lang='lat' dir='ltr'>delineavimus‚</span> <span class='ocrx_word' id='word_1_209' title='bbox 1358 2640 1399 2673; x_wconf 83' lang='lat' dir='ltr'>et</span> <span class='ocrx_word' id='word_1_210' title='bbox 1427 2632 1585 2689; x_wconf 84' lang='lat' dir='ltr'>quibus</span> 
     </span>
     <span class='ocr_line' id='line_1_27' title="bbox 99 2698 1586 2750; baseline 0.001 -3"><span class='ocrx_word' id='word_1_211' title='bbox 99 2707 274 2748; x_wconf 88' lang='lat' dir='ltr'>casibus</span> <span class='ocrx_word' id='word_1_212' title='bbox 303 2706 405 2747; x_wconf 90' lang='lat' dir='ltr'>dum</span> <span class='ocrx_word' id='word_1_213' title='bbox 433 2706 596 2747; x_wconf 83' lang='lat' dir='ltr'>viveret</span> <span class='ocrx_word' id='word_1_214' title='bbox 619 2715 816 2747; x_wconf 87' lang='lat' dir='ltr'>versatus</span> <span class='ocrx_word' id='word_1_215' title='bbox 844 2707 900 2748; x_wconf 84' lang='lat' dir='ltr'>sit</span> <span class='ocrx_word' id='word_1_216' title='bbox 930 2698 1233 2749; x_wconf 82' lang='lat' dir='ltr'>indicavimus.</span> <span class='ocrx_word' id='word_1_217' title='bbox 1259 2710 1305 2749; x_wconf 92' lang='lat' dir='ltr'>In</span> <span class='ocrx_word' id='word_1_218' title='bbox 1342 2717 1426 2749; x_wconf 81' lang='lat' dir='ltr'>tam</span> <span class='ocrx_word' id='word_1_219' title='bbox 1456 2710 1586 2750; x_wconf 82' lang='lat' dir='ltr'>variis</span> 
     </span>
     <span class='ocr_line' id='line_1_28' title="bbox 101 2782 1585 2841; baseline 0.002 -17"><span class='ocrx_word' id='word_1_220' title='bbox 101 2791 243 2824; x_wconf 83' lang='lat' dir='ltr'>autem</span> <span class='ocrx_word' id='word_1_221' title='bbox 286 2783 416 2824; x_wconf 88' lang='lat' dir='ltr'>rebus</span> <span class='ocrx_word' id='word_1_222' title='bbox 447 2782 666 2839; x_wconf 84' lang='lat' dir='ltr'>implicata</span> <span class='ocrx_word' id='word_1_223' title='bbox 696 2783 844 2824; x_wconf 87' lang='lat' dir='ltr'>nescio</span> <span class='ocrx_word' id='word_1_224' title='bbox 874 2783 981 2840; x_wconf 86' lang='lat' dir='ltr'>quid</span> <span class='ocrx_word' id='word_1_225' title='bbox 1009 2785 1226 2826; x_wconf 83' lang='lat' dir='ltr'>incertum</span> <span class='ocrx_word' id='word_1_226' title='bbox 1258 2801 1446 2841; x_wconf 84' lang='lat' dir='ltr'>persona</span> <span class='ocrx_word' id='word_1_227' title='bbox 1480 2786 1585 2827; x_wconf 86' lang='lat' dir='ltr'>haec</span> 
     </span>
     <span class='ocr_line' id='line_1_29' title="bbox 99 2859 1593 2919; baseline 0.003 -20"><span class='ocrx_word' id='word_1_228' title='bbox 99 2859 274 2902; x_wconf 82' lang='lat' dir='ltr'>retinet.</span> <span class='ocrx_word' id='word_1_229' title='bbox 307 2860 450 2912; x_wconf 87' lang='lat' dir='ltr'>Quare</span> <span class='ocrx_word' id='word_1_230' title='bbox 474 2874 588 2900; x_wconf 88' lang='lat' dir='ltr'>nunc</span> <span class='ocrx_word' id='word_1_231' title='bbox 615 2875 635 2900; x_wconf 88' lang='lat' dir='ltr'>a</span> <span class='ocrx_word' id='word_1_232' title='bbox 664 2860 793 2901; x_wconf 89' lang='lat' dir='ltr'>rebus</span> <span class='ocrx_word' id='word_1_233' title='bbox 816 2860 1125 2902; x_wconf 85' lang='lat' dir='ltr'>abstinendum</span> <span class='ocrx_word' id='word_1_234' title='bbox 1149 2870 1231 2912; x_wconf 82' lang='lat' dir='ltr'>est,</span> <span class='ocrx_word' id='word_1_235' title='bbox 1262 2862 1345 2918; x_wconf 88' lang='lat' dir='ltr'>ipsi</span> <span class='ocrx_word' id='word_1_236' title='bbox 1371 2878 1593 2919; x_wconf 76' lang='lat' dir='ltr'>personae</span> 
     </span>
    </p>
   </div>
  </div>
 </body>
</html>
