1873 3329
497 307 547 332 DE
581 306 790 332 WALTEnu
828 306 969 332 MAPPu
1005 305 1099 330 ViTA
1505 305 1543 332 (ι’.)

59 385 262 426 adierunt
289 385 376 426 duo
407 386 578 443 priores
609 385 803 442 ejusdem
827 385 1012 431 ordinis,
1042 385 1162 424 illum
1192 384 1468 441 deprecaturi
1501 397 1543 427 ut

58 463 177 503 tertii
231 463 487 503 monasterii
535 463 639 503 olim
688 461 907 509 florentis,
952 477 1065 501 nunc
1107 463 1373 518 pauperrimi
1418 463 1545 504 saluti

57 538 325 583 consulerat.
363 555 460 580 cum
500 557 520 580 a
564 539 696 597 regiis
739 538 952 579 ministris
988 539 1144 578 uberes
1185 539 1295 594 agri,
1340 540 1379 579 in
1417 540 1547 580 silvas

58 616 234 657 venatui
259 617 510 674 aptissimas
531 615 832 662 convertendi,
859 614 992 656 ablati
1016 624 1178 655 essent.
1208 616 1252 655 ln
1278 617 1394 672 regis
1418 634 1547 658 cons-

61 701 235 748 pectum
264 693 443 734 admissi
470 693 672 733 monachi
701 692 831 732 toties
856 692 1081 748 probatam
1107 694 1199 747 ejus
1228 693 1545 749 benignitatem

62 778 105 810 et
148 769 190 809 in
232 771 371 811 Deum
413 770 618 826 pietatem
663 769 1024 825 imploraverunt.
1071 769 1167 809 Sibi
1203 771 1346 825 justae
1393 787 1546 811 causae

63 862 324 903 sponsorem
358 862 453 887 esse
488 847 625 887 Deum
661 846 938 886 testabantur
978 845 1343 903 affirmabantque
1378 848 1429 887 ab
1475 847 1549 888 illo

64 923 319 980 centuplum
373 922 592 963 redditum
641 922 710 963 iri.
761 923 854 963 Rex
900 930 1042 963 autem
1091 923 1218 979 inops
1265 924 1457 974 consilii,
1509 925 1550 965 in

64 999 235 1041 diversa
272 1000 479 1058 agitatus,
516 999 620 1040 hinc
655 998 921 1040 liberalitate
963 1000 1126 1050 innata,
1167 1000 1271 1041 hinc
1307 1001 1553 1042 venationis

64 1092 228 1126 amore,
271 1076 550 1118 consiliarios
592 1075 644 1117 ad
691 1092 734 1116 se
781 1084 920 1124 vocat,
965 1084 1006 1116 et
1047 1076 1090 1116 in
1133 1077 1184 1116 iis
1225 1077 1467 1134 Mappium,
1510 1087 1555 1118 ut

64 1153 261 1195 decebat.
298 1153 408 1195 Tum
443 1153 645 1194 monachi
676 1153 833 1194 iterum
863 1153 1050 1209 probare
1092 1162 1305 1194 conantur
1339 1170 1466 1211 quam
1500 1155 1555 1195 sit

64 1229 262 1289 legitima
285 1231 472 1288 rogatio,
498 1230 656 1272 iterum
681 1238 883 1271 asserunt
905 1231 1045 1270 Deum
1064 1231 1150 1271 sibi
1166 1231 1257 1271 sore
1275 1247 1550 1288 sponsorem,

63 1306 142 1347 sed
158 1307 382 1364 MappiuS‚
407 1307 639 1348 occasione
663 1306 820 1348 callide
844 1316 1034 1364 arrepta,
1061 1307 1229 1364 aliquid
1246 1308 1340 1365 regi
1358 1316 1555 1349 susurrat

67 1383 110 1424 in
143 1399 288 1435 aures,
323 1383 397 1441 qui
427 1383 664 1425 subridens
699 1384 901 1440 protinus
939 1384 1152 1425 exclamat
1186 1401 1193 1424 :
1234 1401 1255 1423 «
1285 1385 1370 1425 Per
1407 1385 1558 1426 oculos

68 1460 171 1501 Dei!
206 1460 429 1518 (quoniam
457 1460 541 1501 hoc
571 1460 633 1501 uti
665 1469 939 1502 sacramento
967 1462 1270 1516 consueverat)
1295 1463 1464 1518 justum
1493 1471 1560 1503 est

68 1545 112 1577 et
138 1537 300 1578 rationi
330 1552 575 1579 consonum
604 1546 650 1578 ut
681 1537 965 1594 fidejussores
1002 1538 1085 1594 ipsi
1122 1554 1254 1595 super
1285 1539 1416 1579 rebus
1444 1539 1559 1580 unde

69 1613 313 1670 fidejubere
364 1613 544 1664 debent,
594 1614 824 1671 loquentes
872 1615 1123 1664 audiantur,
1180 1624 1223 1656 et
1269 1615 1329 1656 sic
1375 1632 1560 1675 surgens

69 1705 256 1747 cumque
281 1690 454 1732 modico
476 1700 519 1732 et
541 1707 627 1732 non
653 1692 745 1732 sine
765 1692 982 1732 caehinno
1006 1692 1233 1743 recedens,
1253 1693 1433 1733 abbates
1456 1708 1561 1733 con-

69 1766 189 1808 fusos
218 1783 240 1808 a
263 1783 340 1824 spe
359 1776 588 1825 concepta,
612 1783 770 1809 vacuos
792 1777 897 1808 tunc
920 1769 1100 1809 omnino
1128 1768 1365 1827 relinquit¹
1388 1787 1425 1809 ».

129 1844 245 1885 Haec
280 1860 408 1902 quam
449 1844 601 1885 intima
643 1853 758 1886 esset
792 1844 908 1886 inter
944 1845 1053 1886 duos
1089 1846 1199 1886 acris
1237 1846 1406 1904 ingenii
1439 1847 1556 1887 viros

71 1921 341 1977 conjunctio,
373 1937 501 1978 quam
537 1920 690 1962 iisdem
729 1921 1026 1963 simultatibus
1057 1931 1098 1963 et
1132 1922 1245 1963 odiis
1274 1932 1482 1980 parerent
1515 1923 1558 1964 in

73 1997 203 2038 rebus
232 1997 285 2039 ad
322 1998 583 2056 religionem
616 1998 945 2055 pertinentibus
975 1999 1034 2040 ita
1062 1999 1302 2040 ostendunt
1330 2009 1377 2041 ut
1410 2001 1562 2058 negari

73 2089 162 2116 non
190 2074 346 2132 possit.
378 2075 594 2116 Henricus
626 2091 728 2116 sane
766 2075 951 2117 multum
985 2077 1136 2117 aberat
1170 2093 1191 2118 a
1225 2093 1371 2118 rerum
1399 2077 1565 2118 divina-

75 2166 171 2192 rum
205 2160 479 2209 contemptu,
518 2167 605 2192 non
641 2152 771 2193 modo
800 2161 972 2210 gratum
1014 2162 1107 2194 erat
1139 2154 1242 2210 ipsi,
1281 2163 1326 2195 ut
1358 2154 1563 2203 vidimus,

76 2227 133 2268 ob
161 2227 367 2285 pietatem
405 2228 596 2279 laudari;
629 2245 717 2269 non
750 2229 879 2270 modo
908 2229 1092 2271 clericos
1121 2231 1164 2270 in
1201 2230 1496 2272 familiaritate
1525 2239 1568 2272 et

75 2303 273 2345 consiliis
300 2304 493 2346 habebat
508 2306 536 2354 ⁴²,
568 2305 644 2346 sed
670 2306 711 2346 in
736 2321 811 2347 eos
836 2307 1057 2348 saeviebat
1081 2307 1157 2364 qui
1184 2307 1396 2349 unitatem
1420 2308 1565 2349 catho-

75 2380 203 2422 licam
232 2381 277 2422 in
304 2381 464 2441 Anglia
494 2382 697 2440 frangere
720 2385 966 2425 tentabant.
1000 2386 1107 2426 Cum
1131 2386 1258 2426 turba
1275 2386 1564 2427 Catharorum

76 2457 262 2499 Colonia
308 2460 548 2516 ejectorum
592 2460 635 2500 in
683 2476 804 2501 suum
848 2476 1035 2518 regnum
1075 2462 1269 2503 venisset
1312 2461 1563 2519 pei-sugium

76 2550 311 2591 quaerens,
345 2536 561 2577 Henricus
603 2537 796 2578 Oxoniae
828 2537 1045 2594 synodum
1087 2538 1247 2580 indixit
1283 2555 1392 2596 quae
1434 2539 1486 2579 (le
1516 2538 1568 2579 iis

75 2619 311 2663 statueret;
336 2611 390 2653 de
418 2612 644 2654 nonnullis
668 2614 934 2671 supplicium
959 2623 1180 2672 sumptum
1201 2624 1290 2665 est;
1316 2615 1389 2656 alii
1412 2616 1454 2656 in
1473 2630 1568 2656 car-

118 2762 148 2793 1.
164 2763 255 2793 Haec
269 2762 492 2793 inveniuntur
506 2763 598 2803 apud
614 2764 790 2805 Speculum
808 2765 980 2796 Ecclesiae
996 2765 1130 2797 Giraldi
1147 2766 1383 2802 Cambrensis,
1400 2771 1433 2796 ct
1448 2766 1572 2797 iterum

77 2810 111 2840 in
132 2809 390 2840 introductione
414 2811 457 2840 ad
478 2810 641 2841 poemata
661 2812 793 2852 Mappii
817 2812 963 2851 tributa,
986 2824 1018 2853 p.
1042 2823 1123 2843 xxxi
1145 2818 1177 2843 et
1198 2823 1306 2843 xxxii.

120 2857 150 2887 2.
169 2859 215 2894 De
235 2856 354 2898 Nugis,
377 2868 410 2897 p.
434 2858 484 2888 52.
