1842 3288
801 907 1037 951 CAPUT
1104 910 1118 950 Ι

561 1104 650 1157 De
699 1104 974 1159 Walteriz'
1017 1104 1249 1175 Nlappz‘i
1291 1105 1401 1157 vita

235 1246 288 1278 De
312 1245 465 1290 Mappio
487 1257 558 1279 non
577 1246 676 1279 idem
695 1258 825 1279 omnes
848 1253 1062 1280 senserunt.
1092 1247 1177 1280 Fuit
1203 1254 1324 1280 tamen
1350 1259 1446 1279 unus
1475 1259 1493 1279 e
1516 1246 1728 1279 duodecimi

234 1359 251 1401 ἓ

240 1809 257 1851 (sl-³

237 2145 253 2186 ξ

239 2426 256 2467 ἓ

282 1302 421 1334 saeculi
444 1302 535 1334 viris
552 1303 709 1335 maxima
731 1303 954 1336 auctoritate
976 1303 1189 1336 valentibus
1210 1310 1245 1337 et
1268 1304 1426 1336 maxime
1450 1302 1680 1347 conspicuis.

281 1358 310 1390 Ι.
339 1360 392 1391 De
419 1358 568 1405 Μαρρίὶ
588 1359 794 1404 juventute.
819 1379 864 1384 —
886 1360 985 1400 Quid
1019 1360 1064 1392 dc
1087 1359 1351 1392 W'allensibus
1374 1360 1509 1392 tradat.
1534 1379 1579 1383 »-
1603 1358 1689 1403 Ipse
1711 1371 1729 1391 e

230 1422 241 1426 “
282 1426 381 1458 pago
398 1414 585 1447 lVallensi
607 1422 715 1448 ortus
738 1422 808 1448 est.
833 1416 1042 1455 Quemnam
1062 1415 1187 1448 locum
1210 1415 1384 1449 habuerit
1406 1416 1486 1458 ejus
1509 1413 1662 1448 familia.
1684 1435 1728 1438 —

284 1470 453 1510 Quonam
487 1477 655 1515 tempore
688 1471 860 1504 PariSios
902 1472 1056 1504 venerit.
1093 1491 1136 1496 —
1163 1472 1264 1512 Quid
1299 1472 1343 1504 de
1377 1485 1392 1503 «
1423 1470 1556 1504 Latino
1584 1470 1677 1503 Vico
1711 1484 1725 1502 »

283 1533 477 1560 memoret.
510 1547 554 1551 —-
588 1527 737 1567 Quibus
780 1528 975 1572 magistris
1007 1540 1100 1560 usus
1131 1528 1259 1561 fuerit.
1291 1548 1335 1553 —-
1369 1527 1470 1567 Quid
1505 1527 1550 1560 ab
1578 1526 1654 1559 illis
1693 1526 1728 1559 in

283 1582 407 1627 ipsum
452 1583 692 1616 emanaverit.
729 1604 775 1608 -—
820 1584 874 1616 De
913 1583 1095 1617 Abelardi
1133 1584 1347 1629 discipulis.
1386 1604 1431 1608 —
1469 1583 1523 1616 De
1564 1583 1728 1616 Girardo

288 1638 426 1671 Puella.
475 1659 519 1662 ——
567 1640 757 1679 Quaenam
795 1639 936 1673 fuerint
974 1640 1244 1673 Universitatis
1292 1639 1520 1673 Parisiensis
1560 1639 1728 1683 insignes

282 1702 391 1728 notae
419 1696 641 1729 duodecimo
683 1696 845 1729 saeculo.
881 1716 924 1720 —
955 1696 1133 1741 Mappius
1165 1697 1201 1729 in
1227 1696 1402 1740 Augliam
1438 1696 1654 1729 revertitur.
1684 1715 1730 1720 —

285 1750 379 1784 Cum
402 1751 544 1784 Thoma
561 1752 705 1785 Beckct
726 1751 839 1785 habet
858 1753 1136 1785 commercium.

284 1807 332 1839 ΙΙ.
356 1808 537 1855 Mappius
556 1808 593 1841 in
612 1808 754 1853 regiam
776 1807 1001 1853 ingreditur.
1025 1829 1071 1833 --
1097 1808 1291 1842 Describit
1310 1808 1464 1842 Henrici
1480 1809 1634 1841 secundi
1655 1808 1732 1841 effi-

284 1864 394 1908 giem.
413 1864 481 1896 Yir-
495 1864 754 1897 fuitactuosus
768 1871 804 1897 et
823 1866 1056 1910 agendorum
1073 1865 1265 1898 hominum
1286 1865 1560 1909 peritissimus,
1578 1884 1623 1889 —
1641 1864 1730 1905 Qui-

284 1919 356 1952 bus
370 1920 527 1952 vinculis
552 1921 738 1953 Heni-icus
753 1928 788 1954 ct
801 1921 978 1966 Mappius
998 1921 1186 1965 conjuncti
1207 1922 1359 1960 fuerint,
1385 1921 1537 1960 litteris,
1562 1921 1728 1965 ingenio,

285 1976 415 2008 eadem
447 1976 592 2009 ratione
624 1977 668 2009 de
703 1977 889 2021 religione
922 1977 1129 2021 judicandi.
1161 1995 1204 2001 ——
1237 1977 1437 2017 Quodnam
1469 1983 1573 2010 esset
1601 1977 1730 2021 regiae

283 2032 443 2076 insigne.
461 2053 506 2056 —
521 2033 575 2065 De
593 2032 822 2078 quibusdam
838 2034 1031 2077 personis,
1051 2053 1093 2059 —
1115 2034 1169 2065 Dc
1185 2034 1315 2066 amicis
1338 2040 1373 2066 et
1394 2034 1555 2066 inimicis
1572 2033 1728 2078 Mappii.

282 2089 531 2128 —Quaenam
559 2089 673 2122 fuerit
696 2090 777 2133 ejus
800 2090 900 2134 apud
922 2089 1061 2133 Regem
1081 2090 1244 2122 fortuna.
1266 2109 1310 2114 -—
1329 2090 1531 2130 Quomodo
1554 2089 1728 2123 creverit.

280 2144 346 2177 III.
369 2145 411 2177 In
433 2145 568 2190 quibus
595 2145 747 2183 eventis,
773 2145 936 2178 Heni-ico
960 2151 1154 2189 regnante,
1170 2145 1512 2193 lilappiuspartem
1535 2145 1725 2179 habuerit.

282 2220 329 2225 —
350 2201 451 2233 1170.
478 2201 678 2234 Fretevalli
700 2201 931 2246 colloquium
954 2214 1035 2234 cum
1062 2201 1255 2235 Ludovico
1278 2201 1361 2234 VII.
1384 2221 1428 2226 —
1449 2203 1553 2236 1173.
1574 2201 1728 2234 Judices

285 2257 496 2301 provincias
518 2257 765 2301 perlustrant.
787 2278 831 2282 —-—
856 2259 957 2291 1173.
984 2258 1240 2291 Commoratio
1260 2258 1403 2303 Mappii
1427 2258 1619 2291 Lemovici
1646 2269 1729 2290 cum

287 2313 450 2346 Henrico
476 2314 654 2346 secundo.
679 2334 723 2337 —
746 2314 850 2347 1179.
875 2314 928 2346 De
951 2313 1172 2347 Theobaldo
1195 2313 1259 2347 IV.
1283 2334 1326 2338 -—
1349 2314 1402 2347 De
1423 2314 1594 2347 Concilio
1617 2314 1729 2347 Late-

286 2369 448 2402 ranensi.
473 2390 517 2393 —
538 2370 702 2402 Fortuna
725 2369 868 2414 Mappii
892 2370 928 2402 in
952 2382 1136 2402 summum
1159 2376 1298 2402 evecta.

282 2425 345 2458 IV.
376 2427 429 2458 De
459 2425 648 2472 supremis
671 2426 782 2458 annis
804 2425 967 2473 Alappii.
990 2446 1035 2450 —
1066 2425 1229 2458 Afflictis
1252 2426 1335 2470 ejus
1361 2425 1495 2464 rebus,
1529 2426 1670 2459 inimici
1697 2426 1734 2459 in

286 2482 390 2525 regia
412 2488 618 2526 praestant.
643 2501 688 2506 —
716 2481 769 2514 De
799 2482 1046 2515 Geodesrido.
1068 2502 1112 2506 —
1142 2482 1195 2514 De
1227 2489 1348 2515 morte
1371 2482 1526 2515 Henrici
1554 2481 1733 2527 Delphini

285 2544 321 2570 ct
345 2537 466 2582 ipsius
490 2537 644 2570 Henrici
676 2537 844 2571 secundi.
868 2557 913 2563 —
942 2537 1118 2582 Mappius
1141 2538 1176 2570 in
1207 2538 1482 2571 monasterium
1505 2538 1662 2571 secedit.
1685 2558 1732 2563 —

286 2593 388 2625 1196.
413 2613 456 2617 ——
481 2594 538 2626 Fit
556 2593 856 2626 Archidiaconus
879 2593 1122 2632 Oxoniensis,
1148 2593 1367 2628 1199-1203.
1390 2614 1437 2620 —
1460 2594 1732 2640 Episcopatum

287 2657 432 2694 petens,
451 2649 509 2682 bis
534 2649 746 2693 repellitur.
771 2670 814 2674 —
837 2649 929 2682 Obit
950 2650 1048 2682 inter
1065 2650 1155 2682 1208
1177 2656 1213 2683 et
1239 2651 1342 2683 1210.

300 2768 451 2808 Exstat
482 2767 676 2824 libellus,
708 2768 777 2807 cui
806 2767 1052 2808 litterarum
1089 2767 1275 2809 studiosi
1303 2768 1409 2809 dant
1437 2768 1657 2827 insignem
1685 2768 1728 2808 in

241 2844 509 2885 bibliotheca
541 2843 708 2895 locum3
740 2860 869 2900 quem
898 2844 1076 2885 attentis
1104 2844 1339 2903 perlegunt
1366 2845 1504 2886 oculis
1526 2845 1728 2886 historici
