1873 3329
0 0 230 111 w„

358 329 406 354 DE
443 328 607 353 qulNE
641 329 690 353 Ac
728 329 775 352 nli
813 327 982 352 YUUHCS
1017 326 1312 351 coui'rA'sloxis
1533 325 1570 352 95.

85 414 411 473 ingrediuntur,
439 415 511 470 qni
544 413 702 453 nnllam
738 412 984 468 excogitant
1019 411 1299 451 ‹·m‹›lun1‹·nti
1330 413 1569 461 saevitiam,

84 506 211 548 quam
235 506 321 530 non
352 499 654 547 exsequuntur
683 508 717 529 ι).
753 490 864 528 llaec
898 505 948 528 co
987 497 1184 544 tempore
1213 489 1390 529 avaritia
1426 490 1572 530 multis

85 568 127 608 in
169 567 446 607 monasteriis
488 567 736 611 crescebat:
775 582 884 622 qnae
927 564 1074 604 multis
1117 565 1257 605 modis
1296 568 1568 623 erumpebat.

81 645 185 685 Nam
220 644 253 684 si
290 645 450 700 quibus
488 643 767 684 interdictum
810 651 901 682 crat
945 659 964 679 «
1003 641 1232 697 possidere
1273 643 1480 683 ecelesias
1532 663 1568 691 η,

82 721 344 761 obtinebant
366 729 510 761 tamen
539 737 545 760 :
582 738 601 758 (ι
634 720 686 760 ab
724 718 945 759 advocatis
970 719 1067 774 jura
1096 720 1500 774 praesentatiomim
1531 729 1571 760 ct

83 797 279 838 immisso
321 797 498 843 vicario,
537 813 623 837 non
663 796 871 837 ecclesias
920 795 1167 852 possident,
1211 795 1287 836 scd
1334 797 1571 852 pensiones

81 876 271 914 annuas-¹
299 892 336 913 ».
365 875 506 930 Saepe
530 873 659 913 etiam
687 872 890 913 monaehi
916 881 1000 912 tam
1024 872 1235 912 continuo
1267 873 1434 913 vicinos
1469 891 1570 914 snos

81 951 296 990 vexabant
336 959 381 991 ut
427 950 471 990 hi
518 959 658 990 terras
698 965 797 989 snas
833 948 1020 988 vendere
1060 957 1347 1005 e(›gerentur;
1392 951 1568 1006 quidam

79 1027 368 1067 donationum
398 1035 490 1068 acta
521 1043 568 1067 ac
598 1026 767 1067 litteras
799 1034 1163 1066 testamentorum
1201 1028 1454 1075 mutabant,
1484 1044 1568 1069 non

79 1104 172 1144 sine
221 1122 241 1142 «
289 1103 652 1145 cancellariorum
699 1122 716 1140 »
761 1102 1051 1159 quorumdam
1095 1103 1237 1144 venia.
1284 1105 1398 1156 Quin
1441 1106 1568 1145 etiam

84 1189 192 1231 erat,
236 1189 282 1222 ut
320 1180 560 1223 walterius
593 1180 770 1237 quidem
813 1188 963 1220 noster
1001 1180 1076 1229 ait,
1110 1196 1207 1220 cum
1242 1197 1328 1220 non
1363 1181 1568 1222 violentia

79 1258 139 1298 nti
176 1256 473 1298 dubitarent2.
514 1258 720 1298 Monachi
757 1257 890 1303 enim,
929 1257 1003 1312 qui
1037 1257 1350 1297 monasterium
1387 1257 1428 1297 in
1464 1274 1568 1313 agro

79 1334 348 1375 Eboracensi
382 1335 656 1381 habitabant,
689 1334 898 1374 vivarium
940 1334 1130 1374 vicinum
1169 1349 1384 1390 occupare
1424 1335 1569 1390 ‹rupio-

80 1411 200 1460 bant,
244 1420 289 1452 ut
328 1428 481 1469 agrum
524 1412 858 1452 frumentarium
904 1411 1112 1451 facerent.
1164 1412 1254 1451 Hoc
1290 1420 1431 1452 autem
1465 1412 1568 1452 dare

77 1488 256 1529 nolebat
293 1489 368 1545 qui
403 1488 672 1546 possidebat.
713 1493 831 1540 Quae
867 1504 963 1529 cum
1001 1489 1056 1528 ita
1093 1496 1255 1538 essent,
1287 1488 1457 1529 occisus
1484 1498 1564 1539 est,

76 1581 173 1606 cum
203 1565 376 1607 famulis
416 1566 522 1613 suis,
557 1574 790 1606 contumax
824 1565 897 1606 ille
935 1565 1103 1606 vicinus
1137 1581 1144 1604 :
1178 1565 1355 1606 sceleris
1392 1565 1566 1622 adjutor

77 1658 187 1683 unus
211 1659 262 1683 ex
284 1643 539 1684 domesticis
563 1642 718 1690 suerat,
746 1658 825 1683 nec
846 1651 1029 1683 mortem
1052 1642 1201 1683 vitavit
1223 1642 1352 1693 nllus,
1372 1644 1566 1699 exceptis

76 1735 208 1761 uxore
250 1720 522 1777 infanteque,
561 1736 670 1777 quos
708 1720 889 1760 maritus
932 1719 1106 1760 fortiter
1145 1737 1165 1758 «
1203 1719 1418 1770 defendit,
1463 1720 1565 1761 dum

75 1804 190 1837 stare
225 1797 373 1837 datum
405 1805 485 1847 est,
521 1806 568 1838 ut
595 1796 831 1838 evaderent
866 1813 907 1838 ».
943 1796 1082 1838 Vidua
1116 1812 1222 1856 ergo
1252 1797 1366 1853 apud
1397 1806 1563 1853 patrem

74 1873 294 1933 confugit,
333 1875 408 1931 qui
445 1874 759 1915 comitantibus
796 1874 963 1924 amicis,
996 1881 1097 1930 post
1131 1873 1240 1914 duos
1282 1873 1391 1922 dies,
1426 1874 1561 1915 venit.

75 1950 163 1992 Sed
210 1969 231 1990 «
278 1951 353 1992 ubi
399 1952 591 1992 scierant
634 1950 848 1998 aedificia,
891 1966 1017 2007 sepes
1056 1959 1098 1991 et
1136 1951 1316 1992 arbores
1363 1967 1560 2010 magnas,

74 2027 383 2084 planissimum
406 2028 635 2069 inveniunt
662 2043 861 2084 campum
899 2028 1011 2068 bene
1039 2036 1206 2068 aratum
1241 2036 1282 2068 et
1309 2027 1472 2068 nullam
1500 2029 1562 2068 rei

73 2104 289 2145 humanae
324 2104 625 2162 apparentiam
663 2122 701 2144 )>.
735 2104 975 2145 Veritatem
1006 2120 1105 2145 vero
1146 2104 1392 2161 suspicatus
1420 2113 1558 2161 pater,

71 2180 186 2221 fores
245 2182 417 2238 aperuit
480 2181 612 2222 vicini
668 2182 941 2231 monasterii,
1004 2181 1258 2239 invenitque
1310 2199 1330 2221 «
1382 2183 1562 2222 arbores

75 2257 287 2299 radicitus
310 2258 480 2300 avulsas
503 2258 548 2299 in
570 2274 726 2315 magna
764 2258 898 2299 frusta
930 2259 1129 2299 concisas
1159 2276 1198 2298 ».
1239 2259 1346 2299 Rem
1375 2274 1480 2316 ergo
1509 2259 1560 2299 ad

69 2335 265 2376 tribunal
312 2335 474 2386 defert3
521 2335 714 2376 infidelis
757 2335 925 2392 janitor
970 2336 1116 2376 omnia
1161 2335 1370 2387 declarat,
1415 2351 1561 2376 mona-

68 2411 264 2468 chosque
300 2428 389 2453 rem
432 2412 587 2453 fecisse
625 2412 900 2469 pronuntiat,
935 2413 1027 2468 qui,
1069 2413 1154 2453 sibi
1187 2428 1268 2469 pro
1302 2411 1560 2453 infidelitate

68 2488 320 2544 paradisum
356 2490 668 2546 promiserant.
709 2507 729 2529 «
772 2490 1024 2545 Suspensus
1064 2505 1170 2548 ergo
1205 2488 1358 2530 infelix
1397 2505 1560 2546 poenas

69 2566 265 2606 omnium
312 2566 434 2614 tulit,
485 2574 528 2608 et
573 2567 681 2623 ipsi,
727 2566 896 2607 domini
952 2566 1069 2624 regis
1125 2566 1305 2607 Henrici
1351 2565 1556 2615 arbitrio,

65 2657 145 2699 pro
175 2643 420 2684 reverentia
451 2643 634 2695 Christi,
668 2659 844 2684 manere
875 2644 1089 2700 jubentur
1111 2643 1251 2684 illaesi
1278 2644 1306 2682 ³.
1342 2661 1361 2683 ))
1384 2669 1440 2673 —
1470 2644 1557 2683 Nec

107 2787 135 2818 1.
154 2789 201 2816 De
218 2787 338 2828 Nugis,
357 2798 392 2828 p.
415 2789 465 2823 37,
489 2790 537 2818 57.

105 2834 134 2864 2.
153 2834 253 2870 lbid.,
276 2845 309 2874 p,
333 2836 383 2871 54,
406 2836 455 2865 55.

105 2881 133 2910 3.
154 2884 199 2911 Dc
219 2881 336 2923 Nugis,
357 2893 390 2922 p.
411 2884 460 2912 55.
