1842 3288
234 242 283 272 8·
735 247 783 271 DE
819 246 1041 273 WAL'rEmO
1077 248 1233 273 MAl‘Plo

237 336 442 377 itinerum
471 331 779 388 multiplicatio
796 340 838 372 et
860 331 963 372 inde
988 332 1112 373 multi
1144 333 1328 374 invicem
1353 349 1578 376 sermones
1602 351 1756 393 sagam.

237 413 412 453 citatem
455 407 735 459 observandi,
774 407 1030 465 sciendique
1081 409 1368 466 cupiditatem
1403 411 1750 463 excitaverunt,-

238 505 346 546 quac
394 486 539 526 omnin
581 500 760 525 necesse
802 493 894 525 erat
940 486 993 526 ad
1042 502 1109 526 res
1151 486 1353 543 politicas
1404 487 1726 546 religiosasque

237 566 444 606 valerent.

298 639 528 681 Saeculum
593 638 927 688 duodecimum,
984 639 1055 680 illa
1104 631 1321 681 bellorum
1369 641 1734 683 Christianorum.

236 727 384 758 contra
406 716 740 757 Mahumetanos
763 724 898 766 aetas,
923 724 1063 756 totum
1088 717 1130 757 in
1155 718 1363 775 religiosa
1387 718 1471 758 fide
1495 718 1719 760 fundatur.

236 793 476 850 Thmilogia
495 792 753 849 disciplinas
777 808 928 833 omnes
952 794 1088 850 regin
1108 794 1341 852 religiosae
1363 811 1490 837 curae
1514 811 1618 853 prae
1633 812 1725 837 cae-

236 872 340 912 teris
365 871 530 913 animas
548 869 802 910 sollicitant.
824 870 1036 926 Impulsio
1059 871 1267 930 religiosa
1289 872 1331 912 in
1356 872 1497 913 Gallia
1514 888 1564 912 co
1582 873 1726 913 aerior

238 949 330 997 l'uit,
364 964 448 1004 quo
476 948 614 1002 major
641 946 847 1003 impulsio
876 947 1186 988 intellectualis
1217 949 1276 989 ibi
1299 957 1404 990 erat.
1433 950 1562 990 Anno
1595 949 1725 991 1140⁰

236 1026 288 1066 ad
310 1026 473 1081 Papam
510 1023 763 1064 scribebant
792 1023 1001 1080 Episcopi
1028 1041 1034 1064 z
1070 1042 1090 1063 ‹.‹
1117 1026 1199 1065 Per
1230 1034 1365 1066 totam
1397 1026 1486 1066 sere
1516 1026 1721 1076 Galliam,

236 1104 278 1143 in
314 1101 581 1150 civitatibus,
615 1100 723 1141 vicis
757 1109 800 1141 et
834 1101 1043 1152 castellis,
1079 1118 1101 1142 a
1143 1101 1418 1144 scholaribus
1456 1119 1543 1144 non
1581 1103 1746 1145 solum*

237 1180 351 1220 inter
373 1178 563 1228 scholas,
590 1178 666 1219 sed
694 1178 921 1229 triviatim,
949 1194 1028 1219 nee
1058 1196 1078 1219 a
1108 1179 1330 1230 litteratis,
1362 1180 1439 1221 sed
1461 1196 1483 1221 a
1509 1181 1659 1237 pueris
1682 1189 1726 1221 et

238 1255 513 1313 simplicibus
561 1255 613 1296 de
666 1264 814 1296 sancta
858 1255 1074 1297 Trinitate
1121 1256 1472 1313 disputabatur¹.
1519 1275 1540 1297 »
1581 1258 1725 1309 Quum

235 1333 413 1374 interim
466 1332 771 1389 expeditiones
814 1348 961 1373 sacrae
1003 1332 1133 1374 fidem
1175 1333 1482 1390 purificarent,
1521 1332 1726 1388 (cruciati

233 1411 352 1452 enim
385 1410 547 1450 milites
577 1410 747 1466 experti
774 1411 914 1450 Deum
944 1426 998 1450 ne
1027 1410 1356 1467 Hierosolymae
1386 1411 1563 1467 quidem
1595 1426 1726 1467 posse

238 1488 378 1529 oculis
407 1487 563 1535 videri,
606 1488 664 1527 ita
697 1496 961 1543 conceptum
996 1487 1191 1528 divinum
1225 1504 1320 1528 esse
1349 1496 1470 1528 extra
1504 1503 1726 1544 supraque

238 1581 308 1606 res
329 1564 527 1605 visibiles
551 1565 819 1618 senserunt,)
838 1564 992 1605 eodem
1015 1573 1216 1621 tempore
1240 1565 1476 1622 disciplina
1498 1565 1726 1624 theologia

238 1642 366 1682 modo
408 1650 506 1682 nata
546 1623 716 1714 animyis
759 1641 976 1690 accendit,
1009 1641 1077 1682 vix
1119 1642 1163 1682 in
1205 1641 1548 1683 intellectualem
1584 1641 1724 1682 lucem

237 1719 402 1759 editos!
443 1719 527 1771 Qui
568 1718 731 1774 duplex
762 1718 966 1759 stimulus
1002 1718 1046 1759 in
1083 1719 1226 1760 Gallia
1255 1735 1432 1760 sensum
1463 1719 1723 1776 religiosum

238 1796 455 1845 excitavit,
479 1796 554 1852 qui
576 1796 823 1836 haeresium
848 1795 1169 1854 propagatione
1192 1796 1323 1837 simul
1345 1804 1388 1836 ct
1409 1795 1727 1837 Monachorum

237 1873 443 1914 ordinum
480 1872 804 1929 germinatione
841 1889 935 1913 sese
968 1873 1171 1929 protulit.
1212 1874 1260 1913 In
1291 1873 1433 1914 Gallia
1473 1873 1590 1913 enim
1625 1888 1726 1913 nas-

237 1959 412 1999 cuntur,
454 1958 496 1990 et
530 1950 715 1990 maxime
748 1958 1051 2007 propagantur
1096 1950 1195 1990 illae
1230 1950 1419 1991 famosae
1455 1950 1617 1990 saeculi
1650 1949 1722 1990 xn'*

235 2028 460 2077 haereses,
513 2027 915 2076 nmnichaeormnff,
959 2027 1313 2084 pantheistarum
1367 2035 1439 2067 aut
1484 2027 1726 2068 Montanis-

236 2113 377 2145 tarum
396 2105 423 2152 ³,
457 2104 547 2144 sive
582 2119 634 2144 ex
666 2112 813 2144 vetere
846 2105 1050 2145 oriuntur
1082 2104 1293 2160 opinione
1325 2103 1377 2144 de
1413 2103 1584 2144 duobus
1612 2103 1729 2160 prin-

238 2181 365 2236 cipiis
394 2181 601 2230 aeternis,
628 2181 733 2221 boni
756 2182 902 2230 unius,
928 2181 1111 2222 alterius
1142 2180 1262 2233 mali,
1287 2181 1376 2221 sive
1406 2181 1449 2220 in
1478 2196 1590 2220 novo
1612 2181 1729 2220 Pan-

239 2258 415 2298 theismi
438 2266 655 2313 conceptu
676 2258 1011 2299 fundamentum
1033 2266 1269 2314 quaerunt,
1290 2258 1377 2298 sive
1401 2273 1453 2297 ex
1467 2256 1561 2297 solo
1582 2257 1728 2297 animo

240 2334 509 2376 reformandi
538 2335 781 2375 Ecclesiam
818 2343 1071 2392 corruptam
1114 2335 1332 2392 originem
1362 2334 1543 2375 ducunt.
1582 2334 1726 2386 Quum

241 2427 396 2471 magna
435 2412 631 2452 valerent
672 2412 954 2463 auctoritate,
992 2428 1072 2469 per
1110 2411 1330 2452 saeculum
1364 2416 1467 2451 xnum
1500 2411 1543 2450 in
1586 2410 1727 2452 Gallia

280 2526 308 2554 l.
330 2524 480 2554 Citatum
498 2524 533 2554 in
555 2535 661 2564 opera
687 2525 861 2565 Rocquain
882 2535 888 2554 z
908 2519 1034 2554 mades
1055 2535 1113 2554 sur
1133 2524 1319 2553 Pane-ienae
1338 2525 1479 2555 France.
1502 2523 1543 2552 II.

279 2573 307 2602 2.
345 2572 418 2601 Illis
453 2583 575 2601 nomen
612 2572 758 2601 inditum
794 2584 812 2601 a
845 2573 954 2607 Mane,
997 2576 1078 2601 nato
1126 2571 1159 2600 in
1200 2572 1284 2600 urbe
1324 2570 1474 2609 Caroul),
1508 2570 1600 2599 cirea
1634 2570 1731 2600 240⁰¹¹²

238 2630 377 2654 annum,
411 2620 467 2659 qni
496 2619 611 2649 docuit
641 2620 726 2649 duos
760 2630 837 2649 esse
864 2619 958 2653 deos,
989 2619 1032 2648 ab
1063 2619 1210 2659 imperio
1241 2618 1453 2649 Graecorum
1481 2617 1640 2647 exulatus
1666 2621 1730 2652 est,

237 2667 359 2706 cuique
385 2667 523 2696 tandem
541 2667 630 2696 cutis
652 2667 730 2697 vivo
752 2667 908 2696 detracta
925 2671 989 2701 est,
1010 2666 1103 2707 regis
1124 2666 1252 2706 persici
1270 2666 1383 2705 jussu,
1407 2675 1497 2694 anno
1515 2665 1586 2694 274.

281 2716 310 2744 3.
336 2715 388 2744 Ita
406 2714 574 2744 nominati
597 2725 615 2743 a
637 2715 811 2751 Montano,
831 2714 888 2754 qui
910 2714 943 2743 in
971 2714 1082 2753 Mysia
1109 2714 1247 2743 saeculo
1276 2716 1318 2743 11⁰
1346 2717 1462 2749 natus,
1486 2712 1560 2742 sera
1583 2710 1729 2741 austeri-

238 2766 308 2791 tate
344 2762 457 2797 homo,
495 2772 585 2792 nova
612 2761 755 2802 jejunia,
793 2766 861 2792 tres
895 2761 1185 2802 quadragesimos
1219 2760 1434 2800 imponebat,
1472 2758 1740 2799 damnabatque-

239 2809 407 2839 secundas
430 2809 581 2849 nuptias.
