1842 3288
220 306 279 335 162
716 309 766 333 DE
800 308 1023 334 WALTERIO
1059 310 1214 335 ΜΑΡΡΙΟ

217 394 389 436 ciendis
423 394 594 434 duobus
632 394 801 450 magnis
825 394 1034 450 operibus
1069 411 1181 451 quae
1211 412 1288 436 suo
1322 405 1519 452 tempore
1543 395 1714 452 prodie-

218 480 336 521 runt,
378 470 540 511 sabulis
575 470 781 511 videlicet
812 470 876 510 De
905 472 1066 511 Sam-{0
1105 472 1273 512 Graalo
1307 480 1348 512 et
1382 473 1633 514 Lalzcellolo
1667 474 1717 513 (le

220 549 355 589 Lac-11.
398 549 443 588 ln
486 547 617 605 longa
658 547 901 588 fabularum
940 548 992 588 de
1037 551 1198 589 Sancto
1239 549 1398 590 Graalo
1437 550 1566 601 serie,
1607 550 1719 590 duae

221 633 506 665 numerantur
536 640 722 681 quorum
755 633 957 665 auctores
1001 634 1073 665 aut
1110 626 1249 682 ignoti
1291 634 1363 666 aut
1404 626 1563 666 incerti
1596 635 1712 675 sunt,

228 703 459 759 Veslzgalio
498 701 546 741 Sxi
586 701 748 741 Graalc'
778 709 819 741 et
852 701 1045 758 Alngnus
1078 704 1146 741 51¹¹*
1194 702 1351 753 (is-(tal,
1391 718 1477 759 quo
1518 712 1717 759 tempore

222 779 393 820 vivebat
415 778 623 834 Mappius
654 779 697 817 in
728 777 869 818 lucem
896 778 1056 819 editae.
1089 779 1224 819 Nobis
1263 787 1327 818 est
1363 779 1405 818 in
1436 787 1580 820 mente
1616 780 1718 820 bre-

222 856 606 897 vitcrcontrahere
624 864 879 913 argumenta
904 871 954 895 ex
971 856 1130 911 quibus
1155 856 1309 896 inferri
1328 856 1477 912 possit·
1489 856 1716 912 Mappium

224 947 309 972 non
341 932 519 989 quidem
552 940 785 988 utrumque
812 931 1080 979 condidisse,
1114 932 1190 972 sed
1221 933 1440 973 invenisse
1470 932 1712 973 materiam.

224 1010 352 1062 Quod
399 1010 441 1049 in
484 1009 668 1050 clariore
711 1009 804 1049 luce
847 1009 1093 1065 apparebit,
1134 1009 1169 1049 si
1211 1010 1404 1050 rationes
1443 1026 1464 1049 e
1499 1009 1613 1050 libro
1652 1009 1716 1050 De

221 1088 361 1144 Nugas·
415 1087 626 1127 deductas
679 1086 996 1126 addiderimus.
1048 1087 1320 1143 Argumento
1370 1095 1470 1127 sunt
1526 1086 1714 1142 primum

220 1164 386 1221 Mappii
403 1180 534 1220 opera
553 1172 594 1204 et
617 1163 861 1220 ingenium,
887 1163 1006 1203 illius
1029 1180 1131 1219 erga
1161 1180 1229 1204 res
1254 1163 1476 1204 mirabiles
1500 1163 1713 1213 studium,

220 1242 458 1282 christiana
489 1241 597 1281 fides
627 1241 769 1281 omnis
794 1240 959 1281 fraudis
983 1257 1155 1296 expers,
1188 1241 1347 1296 quibus
1368 1240 1585 1282 accedunt
1612 1256 1717 1297 pro-

220 1317 418 1359 bationes
454 1334 505 1359 ex
540 1318 723 1358 historia
759 1326 800 1358 et
835 1334 886 1358 cx
920 1317 1078 1357 litteris
1114 1317 1276 1367 illatae,
1308 1332 1405 1357 cum
1441 1317 1710 1358 testimoniis

220 1412 406 1452 quorum
441 1404 641 1436 auctores
676 1403 747 1435 aut
776 1394 1011 1435 adfuerunt
1041 1403 1113 1434 aut
1144 1394 1381 1434 latuerunt.
1414 1395 1454 1434 Is
1487 1402 1580 1434 erat
1607 1409 1711 1435 sane

221 1474 296 1529 qui
319 1473 513 1513 scribere
548 1480 698 1529 posset
726 1471 962 1511 nonnullas
998 1487 1048 1511 ex
1087 1471 1153 1511 his
1189 1471 1386 1526 mysticis
1422 1479 1464 1511 et
1504 1471 1557 1511 ab
1592 1472 1710 1511 omni

221 1550 317 1590 labe
356 1550 542 1607 integris
581 1549 925 1599 narrationibus,
969 1564 1079 1604 quae
1117 1548 1170 1588 ad
1211 1564 1291 1589 nos
1329 1548 1516 1588 intactae
1557 1563 1712 1604 perve-

222 1636 395 1675 nerunt,
447 1642 532 1667 non
582 1626 789 1667 memoria
837 1634 1008 1666 tantum
1055 1625 1240 1666 traditae
1288 1634 1404 1666 sunt.
1456 1626 1503 1665 In
1552 1624 1713 1666 fabulis

219 1704 356 1745 fusius
387 1712 648 1745 enarrantur
678 1719 788 1760 quae
818 1703 861 1742 in
892 1702 1160 1743 monasterio
1191 1702 1596 1759 Glastonburgensi
1620 1703 1709 1758 jam

219 1782 380 1838 scripta
405 1782 591 1821 fuerant.
626 1782 672 1821 In
702 1780 770 1820 his
805 1779 1034 1837 legebatur
1069 1779 1290 1835 quomodo
1326 1779 1489 1835 Joseph
1521 1779 1574 1819 ab
1613 1780 1711 1820 Ari-

220 1859 381 1900 mathia
410 1874 565 1899 manus
601 1858 868 1898 Judaeornm
905 1855 1128 1914 effugerit,
1157 1856 1368 1897 miraculo
1399 1855 1591 1913 quodam
1613 1871 1711 1896 cum

217 1937 307 1976 suis
331 1936 535 1976 omnibus
557 1935 599 1975 in
625 1935 903 1975 Britannicas
921 1934 1088 1974 insulas
1111 1933 1243 1974 suerit
1264 1933 1522 1983 translatus,
1542 1932 1710 1973 incolas

216 2013 482 2053 converterit
511 2012 564 2053 ad
594 2012 836 2061 Christum,
863 2020 920 2058 et,
947 2027 1043 2051 eum
1066 2011 1406 2051 obdormivisset
1434 2010 1479 2050 in
1502 2009 1712 2060 Domino,

217 2091 260 2130 in
286 2090 552 2130 monasterio
576 2089 980 2146 (‡}last011burg·ensi
1009 2087 1207 2144 sepultus
1231 2087 1380 2128 suerit.
1408 2087 1454 2128 Si
1476 2086 1574 2144 quis
1603 2086 1714 2126 scri-

218 2176 316 2223 ptor
346 2167 450 2207 artis
474 2182 575 2207 suae
597 2166 766 2223 peritus
790 2166 896 2206 haec
920 2165 1064 2205 omnia
1090 2181 1165 2205 sua
1188 2164 1380 2214 fecisset,
1407 2171 1449 2203 et
1471 2171 1589 2203 arcte
1611 2178 1711 2203 con-

212 2246 363 2300 juncta
391 2244 653 2285 commentis
681 2243 734 2283 de
763 2258 866 2299 rege
901 2242 1110 2282 Arthurio
1140 2242 1183 2281 in
1211 2240 1436 2299 vulgarem
1461 2255 1710 2280 sermonem

215 2320 539 2371 transtulisset3
579 2321 613 2361 si
655 2320 845 2376 denique
894 2319 1093 2359 finxisset
1132 2318 1379 2375 profectum
1421 2333 1516 2357 esse
1556 2332 1707 2375 regem

215 2398 473 2439 Arthurium
503 2413 600 2438 cum
632 2397 722 2438 suis
745 2396 969 2453 equitibus
998 2404 1044 2436 ut
1075 2396 1159 2437 S¹²¹¹¹¹
1188 2394 1395 2435 Graalum
1426 2402 1709 2451 quaererent,

213 2491 331 2515 arma
354 2475 583 2515 habuisset
605 2475 648 2514 in
665 2474 867 2514 manibus
886 2472 1000 2513 unde
1014 2472 1180 2529 regiam
1203 2479 1466 2528 potestatem
1488 2477 1705 2520 tueretur,

218 2561 259 2592 et
289 2553 346 2592 ita
376 2552 534 2592 evenit.
566 2551 776 2593 Videmus
805 2550 920 2591 enim
951 2557 1174 2590 auctorem
1206 2547 1491 2588 historiarum
1520 2547 1564 2587 in
1600 2561 1708 2587 nova

211 2629 338 2669 laude
390 2629 618 2669 immorari
662 2643 744 2683 qua
789 2643 867 2684 per
906 2643 977 2667 eas
1021 2625 1190 2683 anglica
1230 2624 1368 2682 fulget
1409 2623 1628 2672 Ecclesia3
1666 2623 1709 2664 in

215 2706 457 2762 apostolica
497 2705 632 2756 illius,
676 2720 804 2762 quam
844 2704 1071 2763 detegunt,
1110 2702 1308 2761 origine3
1347 2716 1435 2741 non
1480 2699 1614 2741 semel
1655 2698 1708 2739 ad

210 2779 346 2820 filium
378 2779 559 2836 Josephi
581 2779 634 2820 de
665 2777 908 2819 Arimathia
934 2778 1168 2834 primatum
1192 2774 1490 2832 pontificalem
1517 2773 1705 2814 deferre.

216 2858 275 2897 Ea
327 2866 444 2897 certe
497 2865 539 2897 et
585 2855 812 2896 doctrinae
870 2871 889 2894 a
934 2854 1078 2895 Foliot
1125 2852 1348 2910 expositae
1396 2860 1436 2892 et
1478 2849 1710 2892 ambitioni
