1842 3288
242 299 301 329 146
736 305 788 330 DE
821 304 1046 330 WALTEulo
1081 303 1240 329 MAPPlO

240 389 408 447 placeat
430 388 663 429 voluminis
692 389 822 446 hujus
851 388 1074 430 innobiles
1103 396 1145 430 et
1174 404 1419 448 exsangues
1450 389 1639 448 ineptias
1667 391 1733 432 vel

239 466 389 507 audire
427 465 493 506 vel
524 465 687 523 legere,
721 467 1010 507 recreationis
1047 474 1088 507 et
1116 465 1210 506 ludi
1241 465 1398 523 gratia.
1431 467 1668 508 Theatrum
1693 477 1734 509 et

238 558 413 583 arenam
446 541 592 583 incolo
627 542 769 583 nudus
793 543 914 601 pugil
941 551 984 583 ct
1011 542 1209 583 inermis.
1244 542 1451 584 Scribere
1471 545 1600 600 jubes
1629 561 1733 602 pos-

234 619 340 659 teris
364 618 561 675 exempla
591 620 750 676 quibus
780 620 847 660 vel
866 619 1121 676 jucunditas
1147 619 1362 660 excitetur
1384 620 1450 661 vel
1474 621 1731 663 aedificetur

236 696 415 737 ethica¹.
445 713 464 735 ))
490 697 521 736 Ε
546 696 717 737 duobus
745 696 902 738 officiis
927 713 1035 754 quae
1058 696 1205 737 studet
1234 696 1417 753 implere
1438 697 1658 754 Mappius,
1686 708 1730 739 ut

233 781 420 815 testatur
448 773 626 814 ineunte
648 774 775 814 tertia
806 775 1103 824 Dl'stinelione,
1136 774 1372 831 posteriori
1398 782 1515 815 certe
1550 790 1726 816 accura-

232 859 318 891 tius
345 850 557 891 incubuit.
587 850 832 891 Fatendum
861 850 1040 907 quidem
1064 859 1129 891 est
1158 851 1201 890 in
1232 850 1520 891 Dis-suasione
1546 851 1598 891 de
1625 868 1726 892 con-

223 931 334 984 juge
355 943 441 967 non
463 926 661 967 (lucenda
692 926 802 966 nihil
826 927 1012 967 inveniri
1038 944 1166 984 posse
1190 927 1275 967 nisi
1298 928 1480 968 facetam
1505 927 1726 968 scelestis-

234 1004 459 1051 simorum,
486 1003 646 1059 quibus
668 1003 808 1043 virum
833 1002 993 1044 semina
1016 1005 1069 1044 ab
1091 1003 1258 1045 Adamo
1287 1003 1340 1044 ad
1370 1012 1566 1045 nostrum
1590 1020 1728 1062 usque

230 1087 404 1136 tempus
445 1080 650 1131 irretivit,
689 1079 891 1121 dolorum
930 1081 1325 1133 enumerationem,
1361 1080 1506 1122 mixtis
1542 1081 1722 1128 salibus,

232 1155 360 1212 quale
390 1165 456 1197 est
484 1156 592 1197 illud
625 1173 632 1197 :
667 1174 687 1196 ((
713 1157 939 1214 Jupiter...
971 1166 1070 1214 post
1101 1158 1320 1214 Europam
1350 1158 1521 1217 mugire
1550 1167 1727 1199 coactus

231 1242 311 1274 est.
337 1233 504 1283 Amice,
538 1250 637 1274 ecce
666 1250 794 1291 quem
824 1235 998 1275 bonitas
1028 1250 1161 1291 super
1181 1234 1327 1275 coelos
1350 1235 1532 1285 extulit3
1564 1235 1724 1277 femina

218 1310 370 1351 ‘brutis
394 1311 679 1368 comparavit.
712 1311 882 1352 Poterit
907 1320 949 1352 et
970 1320 1011 1352 te
1035 1311 1196 1352 semina
1218 1327 1378 1369 cogere
1407 1312 1460 1353 ad
1490 1313 1722 1372 mugitum,

230 1388 264 1428 si
289 1403 375 1428 non
399 1404 444 1428 es
467 1389 568 1428 Jove
592 1389 767 1444 major?
791 1407 809 1427 »
836 1389 882 1429 In
907 1388 975 1429 his
993 1397 1109 1429 certe
1133 1388 1243 1429 nihil
1264 1388 1316 1429 ad
1333 1405 1478 1430 mores
1501 1389 1723 1446 pertinere

233 1473 369 1521 patet,
412 1464 488 1505 sed
526 1465 578 1506 de
620 1465 716 1506 aliis
763 1466 962 1522 partibus
1004 1466 1134 1522 hujus
1169 1467 1440 1506 Decameron
1477 1482 1564 1506 non
1600 1466 1719 1507 item.

229 1542 403 1582 Etenim
427 1541 640 1583 nonnulla
661 1543 792 1583 verba
815 1542 867 1583 de
886 1543 1099 1599 pravitate
1123 1559 1292 1583 morum
1322 1558 1344 1583 e
1367 1542 1532 1583 divitiis
1561 1550 1655 1583 orta
1678 1543 1721 1584 id

228 1619 344 1676 quod
372 1619 423 1659 (le
451 1619 620 1660 duobus
647 1620 774 1660 Italis
798 1620 1117 1661 mercatoribus
1146 1620 1351 1668 refertur,
1383 1628 1425 1660 et
1453 1619 1723 1677 praecedunt

227 1704 269 1737 et
297 1697 579 1753 sequuntur3.
604 1697 670 1737 De
693 1712 899 1753 paupere
926 1699 1067 1754 equile
1095 1696 1213 1737 dicto
1243 1696 1473 1746 accedunt,
1506 1712 1592 1753 quo
1627 1712 1722 1737 rec-

225 1774 311 1814 tius
352 1773 658 1825 concludatur,
694 1774 936 1814 sententiae
967 1773 1020 1814 de
1057 1774 1269 1825 moribus,
1305 1773 1533 1831 proposita
1564 1789 1723 1830 quaes-

224 1850 343 1891 tione
384 1859 525 1891 utrum
577 1851 769 1891 severius
811 1866 864 1891 an
911 1850 1217 1910 indulgentius
1264 1867 1360 1891 cum
1395 1859 1626 1907 peccatore
1667 1851 1723 1891 sit

224 1927 481 1985 agendum‘.
510 1929 619 1969 Cum
644 1936 869 1969 narratum
895 1937 960 1968 est
984 1928 1204 1985 quomodo
1226 1929 1367 1969 Resus
1392 1927 1566 1984 juvenis
1596 1944 1721 1968 suum

277 2020 327 2044 oa
363 2006 596 2062 conjugem
627 2004 805 2062 equitis,
836 2005 905 2045 cui
941 2013 1087 2062 grates
1121 2005 1299 2045 meritas
1332 2004 1497 2046 referre
1529 2004 1718 2055 volebat,

275 2039 300 2064 o

222 2097 414 2122 amorem
433 2082 605 2131 vicerit,
631 2082 809 2123 illorum
832 2082 993 2139 quibus
1024 2082 1077 2122 ad
1104 2081 1368 2123 domandam
1397 2097 1575 2123 carnem
1605 2097 1718 2121 com-

224 2020 270 2045 ΘΙ·

222 2159 332 2214 petit
367 2158 553 2208 animus,
592 2159 743 2200 laudes
782 2159 1102 2200 eelebra11tu1·⁵.
1137 2158 1277 2200 Aliam
1309 2158 1514 2200 fabellam
1544 2158 1719 2199 orditur

222 2244 373 2276 auctor
402 2236 661 2277 disserendo
684 2236 736 2277 de
762 2245 980 2293 potestate
1015 2236 1198 2294 maligni
1229 2235 1473 2284 daemonis,
1500 2244 1542 2276 et
1565 2235 1715 2276 eadem

220 2311 264 2352 in
302 2312 452 2353 laudes
490 2314 573 2354 Dei
606 2314 948 2354 christianorum
988 2312 1191 2354 benevoli
1226 2321 1268 2353 et
1296 2313 1480 2369 propitii
1510 2312 1713 2353 desiniff.

221 2389 345 2440 Cum,
372 2390 590 2447 propositi
617 2399 764 2442 tenax,
794 2391 1000 2432 omnibus
1030 2390 1171 2431 modis
1201 2390 1383 2430 enititur
1412 2389 1485 2430 ille
1515 2397 1560 2430 ut
1588 2405 1715 2448 grave

219 2475 501 2523 praeceptum
524 2468 758 2508 obumbret
787 2468 867 2508 suh
891 2467 1084 2525 imagine
1108 2483 1254 2508 rerum
1280 2466 1325 2507 in
1348 2467 1507 2522 quibus
1531 2466 1713 2507 multum

261 2623 289 2652 1.
313 2622 398 2653 Dist.
420 2623 493 2658 ΙΙΙ-Ἰ,
513 2633 590 2663 cap.
615 2623 646 2653 1.

258 2671 287 2699 2³.
312 2671 356 2698 De
378 2670 496 2711 Nugis,
515 2681 550 2710 p.
577 2670 648 2701 145.

259 2719 288 2747 3.
310 2716 413 2755 Ιὸι”(].,
437 2727 470 2756 p.
499 2719 558 2747 190
579 2721 611 2747 et
637 2718 709 2747 194.

256 2765 286 2794 li.
312 2766 358 2793 De
377 2764 496 2806 Nugis,
522 2775 557 2805 p.
581 2764 654 2795 166.

257 2812 285 2841 5.
304 2810 406 2849 Ibid.,
431 2822 465 2852 p.
489 2812 560 2843 137.
586 2811 674 2843 Dist.
698 2812 772 2851 111³,
793 2822 870 2853 cap.
892 2813 924 2843 2.

256 2860 285 2888 ⁴3.
308 2858 408 2895 Ibid„
434 2869 469 2899 p.
492 2860 552 2889 124
570 2862 603 2890 et
623 2859 694 2890 131.
