1842 3288
275 293 334 322 130
770 304 820 328 DE
854 305 1078 332 WAL'i‘Enlo
1114 308 1268 335 MAPPIO

267 384 447 440 jamjam
473 386 733 428 moriturum
757 389 968 432 absolvat.
989 418 1046 423 —
1069 395 1345 450 «Nequeo»,
1372 396 1430 437 ait
1453 414 1576 454 puer.
1595 425 1652 432 —
1676 402 1764 443 Sed

272 460 343 500 illc
367 461 571 503 instando
597 479 604 504 :
633 482 653 502 «
681 465 881 524 Impinge
905 469 1011 509 mihi
1034 486 1111 525 per
1130 471 1478 514 miscricordiam
1503 476 1600 528 Dei,
1627 479 1763 519 caris-

268 537 374 578 sime
412 538 489 590 fili,
515 548 561 580 ut
598 540 641 581 in
677 544 854 584 nomine
890 546 1187 588 Jesu-Christi
1224 549 1280 589 sit
1315 550 1357 589 in
1393 534 1579 628 inservio
1619 555 1762 596 anima

268 630 360 654 mea
401 616 718 670 poenitentiam
761 637 894 677 agens
935 639 1071 680 usque
1115 625 1156 664 in
1199 625 1313 666 diem
1352 627 1524 683 judicii,
1569 638 1615 671 ut
1654 639 1759 672 tunc

265 690 524 733 misereatur
559 694 643 735 mei
672 696 904 751 Dominus,
937 716 990 741 ne
1021 718 1117 741 cum
1147 702 1295 759 impiis
1324 703 1489 745 vultum
1525 706 1689 748 suroris
1714 718 1757 750 et

265 767 354 808 irae
388 769 572 810 videam.
601 790 621 811 »
654 773 848 815 Tandem
878 786 1001 832 paret
1033 794 1160 835 puer,
1186 788 1227 820 et
1255 790 1432 836 peccata
1464 782 1545 823 Dei
1578 785 1756 826 nomine

266 843 447 885 dimittit
495 849 663 902 petenti
713 851 787 906 qui
835 860 1077 894 extremum
1133 856 1336 911 spiritum
1387 856 1590 900 effundit.
1641 861 1754 901 Haec

265 922 469 978 Mappius
498 923 541 963 in
572 924 657 965 fine
684 943 691 965 ε
720 944 739 965 «
766 929 813 968 In
841 932 1098 972 memoriam
1130 942 1389 974 revocentur
1417 935 1550 975 verba
1582 937 1754 978 miseri-

264 998 455 1049 cordiae,
482 1016 593 1056 quae
622 1002 679 1042 ait
706 1020 712 1042 :
741 1004 784 1044 in
816 1021 1077 1064 quacunque
1099 1009 1205 1050 hora
1239 1010 1505 1067 ingemuerit
1529 1022 1750 1068 peccator,

262 1075 404 1115 salvus
435 1077 531 1118 erit.
563 1097 582 1116 »
613 1080 725 1120 Num
751 1092 902 1123 auctor
930 1085 1045 1125 inter
1076 1096 1253 1142 peecata
1280 1088 1448 1128 furores
1478 1089 1584 1130 belli
1614 1105 1752 1131 annu-

261 1153 484 1194 merabat?
516 1155 598 1195 Vix
626 1172 803 1213 sperare
828 1176 1082 1216 possumus,
1128 1165 1288 1204 etenim
1331 1164 1394 1205 illi
1435 1165 1746 1208 difficillimum

260 1238 366 1279 erat,
393 1247 578 1287 quorum
603 1236 850 1291 aequalium
874 1237 1088 1280 describit
1112 1257 1270 1289 mores,
1297 1242 1453 1282 horum
1484 1251 1684 1284 naturam
1708 1253 1750 1285 et

257 1307 484 1363 ingenium
521 1310 784 1368 vituperare.

316 1387 453 1441 Hujus
490 1387 606 1428 modi
646 1389 750 1430 viris
792 1392 880 1433 sive
921 1395 1159 1450 equitibus,
1192 1395 1279 1435 sive
1323 1395 1495 1436 clericis
1536 1396 1745 1438 laicorum

256 1486 398 1511 mores
428 1471 698 1529 singularem
722 1472 765 1512 in
791 1471 967 1512 moduni
992 1471 1287 1512 referentibus
1314 1471 1366 1512 ad
1390 1488 1484 1513 aras
1513 1489 1535 1514 a
1563 1473 1746 1515 ludicris

254 1548 585 1597 certaminibus,
622 1557 668 1588 ut
698 1557 890 1599 orarent,
924 1564 1100 1589 currere
1131 1547 1293 1595 solitis,
1332 1549 1562 1590 maximam
1598 1551 1744 1607 operis

254 1624 320 1665 sui
349 1635 518 1681 partem
548 1626 665 1666 dicat
685 1625 944 1677 &Valteriuffi
970 1625 1073 1666 dum
1103 1625 1235 1666 semel
1265 1634 1337 1665 aut
1366 1626 1525 1667 iterum
1553 1635 1740 1676 tantum,

252 1712 293 1743 et
316 1704 493 1760 quidem
517 1703 723 1752 breviter,
744 1703 797 1744 de
820 1703 915 1743 aliis
939 1703 1099 1759 quibus
1121 1702 1396 1743 errabundus
1420 1704 1629 1754 occurrit,
1655 1720 1741 1745 ser-

251 1797 424 1821 monem
454 1781 601 1821 habet.
631 1781 718 1822 Sed
741 1796 788 1821 ea
811 1796 921 1836 quae
944 1788 1123 1820 vocatur
1147 1797 1167 1818 «
1187 1779 1327 1835 pietas
1351 1796 1391 1829 >›,
1412 1780 1562 1821 vitiata
1585 1796 1741 1838 super-

249 1859 443 1909 stitione,
485 1874 613 1915 quam
657 1857 923 1915 stupendum
959 1856 1086 1897 nobis
1117 1856 1415 1913 spectaculum
1447 1857 1656 1914 praebet!
1691 1859 1739 1900 In

245 1936 449 1979 walterii
483 1936 596 1976 libro
627 1951 946 1992 nonnunquam
976 1935 1150 1974 sincero
1179 1933 1410 1992 religionis
1440 1949 1570 1975 sensu
1592 1936 1738 1994 tangi-

245 2029 356 2063 mur,
384 2013 557 2070 saepius
578 2022 721 2054 autem
748 2013 801 2053 iis
824 2010 1092 2053 offendimur
1115 2026 1225 2067 quae
1256 2019 1327 2051 aut
1354 2010 1613 2052 indecorum
1636 2028 1738 2052 can-

244 2090 395 2131 dorem
421 2090 570 2139 animi‚
597 2099 670 2131 aut
697 2106 866 2131 saevam
896 2104 1066 2129 morum
1091 2087 1373 2144 asperitatem
1397 2088 1615 2129 redolent.
1640 2090 1735 2130 Non

242 2177 387 2208 tamen
414 2167 631 2208 affirmare
658 2166 932 2208 intendimus
965 2165 1081 2206 idem
1114 2165 1159 2205 in
1189 2165 1393 2205 omnibus
1416 2165 1630 2216 extitisse,
1656 2182 1735 2207 nec

241 2245 357 2285 viros
379 2261 480 2285 vere
497 2244 779 2295 christianos,
797 2245 871 2300 qui
888 2243 972 2283 sibi
993 2257 1152 2282 nomen
1174 2241 1420 2281 immortale
1443 2252 1730 2299 pepererunt,

241 2322 648 2378 praetermittimus,
676 2321 768 2369 sed,
795 2336 881 2377 quo
909 2329 1109 2375 tempore
1139 2318 1342 2374 Mappius
1370 2319 1492 2367 vixit,
1524 2319 1731 2378 religiosa

239 2399 347 2440 fides
389 2399 499 2439 nulli
541 2399 870 2455 Scripturarum
918 2397 1122 2444 notitiae,
1172 2404 1379 2452 tanquam
1424 2395 1726 2448 fundamento,

235 2477 384 2517 innixa
425 2485 541 2526 erat,
574 2491 716 2532 neque
751 2475 920 2515 animus
958 2474 1175 2514 humanus
1222 2472 1306 2512 sibi
1347 2488 1478 2513 novas
1517 2472 1728 2529 quasdam

233 2553 426 2610 fingebat
455 2552 688 2611 imagines,
715 2561 763 2592 ut
797 2568 846 2592 ea
875 2559 1014 2591 aetate
1036 2549 1234 2590 videmus
1267 2549 1309 2588 in
1342 2548 1499 2597 Gallia,
1531 2549 1575 2590 in
1606 2549 1727 2591 Italia

230 2629 459 2670 accidisse.
491 2629 735 2671 Normanni
766 2629 839 2669 isti
861 2637 904 2668 et
934 2629 1128 2669 Saxones
1159 2641 1257 2666 cum
1287 2625 1569 2681 politioribus
1599 2627 1726 2684 inge-

229 2706 311 2746 niis
350 2706 651 2747 conversando
692 2706 762 2746 vix
798 2704 1021 2761 crapulam
1068 2710 1379 2754 excusserant,
1419 2711 1486 2753 ut,
1526 2703 1723 2759 ipsorum

226 2783 383 2823 animis
415 2783 545 2824 insita
580 2783 721 2823 adhue
756 2782 869 2823 soret
891 2795 1150 2840 paganorun
1183 2779 1344 2819 rituum
1374 2794 1598 2829 memoria,
1640 2794 1721 2820 nec

224 2859 253 2899 ii
295 2876 478 2916 prorsus
525 2868 648 2901 erant
695 2875 881 2916 quorum
924 2865 1091 2899 mentes
1146 2864 1544 2906 commoverentur,
1582 2855 1717 2897 veluti
