1842 3288
275 339 333 368 102
770 344 819 368 Dr:
853 344 1077 368 WALTEnlo
1114 345 1270 369 MAPPIO

276 430 628 470 christianismus
667 437 957 486 expurgatur,
1000 446 1185 487 cumque
1224 429 1277 471 de
1312 431 1507 473 moribus
1533 435 1621 489 jam
1660 434 1769 474 scri-

276 506 482 546 bentibus
529 521 632 546 eura
679 506 750 554 sit,
793 505 951 546 litteris
993 506 1118 547 multi
1159 508 1475 564 promittentur
1516 510 1614 550 novi
1647 509 1765 552 libri.

276 582 474 632 Francia,
519 591 564 623 ut
613 598 740 639 saepe
789 582 851 631 sit,
895 584 1053 624 ceteris
1100 584 1304 624 omnibus
1351 594 1538 641 praeest.
1590 587 1770 627 Fatetur

275 660 458 708 Damus,
485 659 527 700 in
555 659 669 699 libro
700 660 762 700 De
785 660 961 716 wulgari
989 660 1173 718 eloquio,
1200 669 1424 716 praestare
1450 661 1606 703 vicinis
1632 663 1768 704 natio-

274 736 402 775 nibus
434 737 661 777 Franciam
703 752 790 777 non
827 754 848 775 ‹<
879 737 1015 795 gestis
1049 755 1068 776 »
1104 746 1273 778 tantuin
1309 747 1350 778 et
1397 738 1572 789 sabulis,
1617 739 1692 780 scd
1730 756 1769 781 (¹1

276 812 554 853 didascalicis
588 813 779 869 scriptis.
814 813 933 854 Nihil
967 814 1080 854 enim
1115 830 1165 854 eo
1200 823 1398 871 tempore
1433 815 1652 865 fovebant,
1684 816 1769 856 nisi

277 905 414 948 genus
456 891 537 930 hoc
579 891 775 947 scripti«
821 890 1021 931 moralite
1063 910 1083 930 »
1133 891 1315 932 dictum.
1362 893 1506 944 Quare
1547 892 1601 933 ad
1625 908 1768 934 mores

278 966 424 1006 onmia
471 967 797 1023 respectabant,
826 966 1044 1025 zoologia,
1077 968 1380 1027 minei-alogia,
1412 969 1603 1020 venatio,
1627 985 1768 1027 gram-

273 1043 444 1090 matica,
490 1043 642 1094 ctiam,
687 1053 916 1085 auctorum
962 1045 1251 1100 quorumdam
1293 1045 1449 1085 callida
1498 1054 1605 1096 arte,
1651 1045 1769 1087 litte-

272 1128 517 1161 raturarum
572 1121 695 1162 ordo.
746 1122 965 1178 Antiquos
1017 1122 1256 1178 scriptores
1317 1123 1617 1163 scrutantibus
1667 1139 1769 1164 cura

271 1197 423 1237 eadem
465 1207 557 1238 erat
593 1215 599 1238 :
644 1198 840 1239 videmus
876 1198 1139 1239 duodecimo
1182 1199 1355 1239 saeculo
1398 1208 1439 1240 et
1481 1199 1685 1240 Ovidium
1728 1209 1769 1241 et

270 1274 514 1331 Vergilium
554 1274 725 1315 vivendi
767 1284 1076 1332 praeceptores
1116 1275 1226 1316 fieri.
1270 1275 1510 1317 XValterius
1545 1277 1767 1333 Mappius,

271 1366 367 1391 cum
419 1352 573 1392 aetatis
622 1368 723 1392 suae
772 1352 1139 1393 consuetudinem
1182 1367 1356 1392 omnem
1393 1352 1578 1408 adeptus
1614 1354 1685 1398 sit,
1727 1362 1767 1394 et

273 1427 385 1468 hanc
409 1428 594 1485 adeptus
624 1437 703 1469 est.
735 1430 876 1485 Saepe
906 1429 949 1469 in
979 1428 1093 1469 libro
1123 1445 1200 1469 5110
1229 1430 1291 1469 De
1317 1429 1460 1486 Nztgc's
1489 1429 1769 1470 manifestum

272 1513 336 1545 est
359 1521 446 1545 11011
469 1521 521 1546 ex
538 1507 631 1561 ejus
654 1507 862 1546 memoria
889 1505 1104 1547 excidisse
1128 1506 1340 1546 Bestiaria
1356 1514 1507 1547 nostra
1532 1523 1539 1546 :
1566 1515 1632 1547 est
1650 1507 1766 1548 enim

271 1597 367 1622 011111
416 1583 579 1623 bestias
629 1583 884 1623 hominibus
935 1583 978 1623 in
1027 1583 1274 1639 exemplum
1323 1591 1472 1639 ponat,
1516 1599 1604 1624 non
1658 1599 1764 1641 quas

269 1658 486 1699 humanae
530 1660 754 1700 societatis
798 1676 899 1700 usus
935 1659 1204 1716 corrumpit,
1246 1659 1321 1700 sed
1360 1660 1519 1717 quibus
1555 1661 1767 1702 remansit

268 1736 431 1792 prioris
491 1736 711 1777 libertatis
763 1737 954 1794 ingenua
1001 1736 1175 1778 lascivia
1228 1754 1235 1776 :
1288 1737 1368 1778 hae
1415 1753 1495 1778 nos
1553 1737 1762 1778 mollitiae

269 1811 430 1869 fugam,
458 1814 634 1854 haenos
657 1823 774 1854 reete
798 1813 999 1870 sapiendi
1028 1823 1164 1855 artem
1194 1813 1377 1864 docent3
1410 1830 1598 1871 namque
1626 1815 1725 1855 vide
1753 1831 1761 1855 :

271 1907 290 1927 «
317 1891 482 1946 Equus,
503 1891 598 1938 bos,
624 1891 815 1931 camelus
844 1900 885 1931 et
909 1891 1056 1931 asinus
1081 1900 1122 1931 et
1143 1890 1541 1948 quidemcumque¹
1564 1900 1765 1949 vegetum

269 1975 335 2007 est
366 1967 542 2016 animal,
581 1984 602 2008 a
637 1968 727 2008 luto
762 1967 940 2008 festinat
982 1968 1094 2024 eripi
1140 1968 1207 2009 vel
1241 1984 1263 2008 a
1304 1968 1419 2009 fossa
1459 1977 1552 2009 toto
1593 1968 1764 2009 resilire

270 2053 425 2085 conatu
459 2062 504 2094 ));
538 2061 617 2085 1105
659 2053 803 2086 autem
834 2062 854 2083 «
898 2045 939 2085 111
982 2045 1074 2085 luto
1110 2045 1231 2085 infixi
1270 2063 1290 2083 1)
1329 2045 1446 2086 haud
1480 2045 1764 2102 impatienter

269 2137 562 2162 remanemus.
594 2122 767 2162 Bestiae
787 2121 903 2162 haud
930 2122 995 2162 sui
1024 2121 1290 2178 impotentes
1313 2131 1415 2162 sunt
1441 2139 1447 2161 :
1481 2137 1623 2179 neque
1647 2122 1763 2162 enim

270 2196 390 2255 leges
420 2214 526 2255 quas
558 2199 643 2239 sibi
673 2199 959 2239 instituerunt
987 2198 1168 2247 violant,
1208 2207 1249 2239 et
1277 2214 1450 2255 semper
1484 2198 1684 2256 vigilant,
1723 2207 1765 2239 et

271 2274 500 2333 frugaliter
537 2276 687 2316 vivunt
725 2294 730 2316 :
776 2291 944 2326 cervus,
986 2291 1108 2332 aper,
1152 2275 1293 2324 (lama,
1338 2275 1560 2332 eapriolus
1598 2284 1761 2316 certam

269 2351 434 2392 habent
457 2352 597 2409 legem
628 2362 670 2393 et
697 2362 871 2409 tempus
893 2353 1120 2393 accubitus
1149 2361 1190 2393 et
1218 2352 1497 2401 concubitus,
1531 2370 1551 2391 ((
1586 2352 1758 2409 soporis

270 2437 312 2468 et
351 2429 544 2486 vigiliae,
581 2430 787 2486 vicesque
822 2446 910 2470 non
944 2429 1334 2489 transgrediuntur
1365 2429 1532 2486 positas
1572 2429 1672 2479 sibi,
1710 2429 1762 2469 ab

269 2505 473 2546 hostibus
525 2522 675 2547 cavere
722 2522 945 2563 nunquam
992 2515 1189 2563 torpent,
1234 2506 1417 2563 vestigia
1462 2506 1763 2562 circumspec-

270 2583 438 2624 tissime
472 2592 643 2639 ponunt
680 2583 876 2640 adusque
917 2583 1094 2632 cubilia,
1128 2599 1211 2640 qua
1246 2584 1298 2623 ab
1326 2583 1388 2623 eis
1424 2592 1489 2624 est
1516 2582 1758 2640 indagatio,

270 2661 394 2716 quasi
420 2660 632 2711 scientes;
665 2661 699 2701 si
730 2661 910 2702 Catonis
932 2660 1123 2701 habeant
1152 2668 1194 2701 et
1215 2660 1350 2701 totius
1373 2659 1555 2700 consilia
1585 2667 1761 2700 senatus

269 2736 463 2778 cautelae
486 2753 587 2778 suae
616 2738 727 2778 nihil
756 2737 965 2794 adjicient
1000 2737 1052 2778 ad
1083 2737 1226 2794 sugam
1256 2737 1291 2777 si
1315 2737 1637 2786 divictuntur³3
1664 2735 1762 2776 diu-

311 2861 337 2890 1.
362 2862 417 2891 Sic
442 2862 476 2891 in
502 2862 638 2902 wright
661 2862 820 2892 editione.

310 2910 338 2938 2.
361 2909 449 2940 Ibid.
