1842 3288
236 343 297 373 124
736 347 785 371 DE
819 347 1044 372 WALTEMO
1080 346 1235 371 MAPPIO

237 448 333 474 mco
364 431 581 473 violenter
607 433 772 472 extorsi
804 450 824 471 ))
856 433 882 481 ¹,
915 432 991 473 sed
1014 433 1097 473 hoc
1125 431 1276 472 vitium
1305 431 1412 472 certi
1436 431 1579 472 minus
1601 430 1734 471 habet

238 509 449 550 momenti
467 524 597 566 quam
619 508 799 565 plurimi
823 508 965 550 sontes
982 525 1004 550 e
1027 508 1187 565 quibus
1205 508 1350 548 hausit
1367 507 1607 551 VValterius
1630 506 1733 548 libri

239 586 481 626 materiam.

295 663 453 703 Narrat
486 661 560 702 ille
591 662 781 718 primum
818 677 863 703 ea
899 678 1008 720 quae
1043 662 1169 712 vidit,
1206 660 1428 719 quomodo
1460 660 1576 717 apud
1610 661 1729 702 Hen-

236 739 376 780 ricum
400 737 642 780 secundum
664 739 838 789 vixerit,
857 748 1153 780 commoratus
1176 739 1232 779 sit
1254 738 1296 779 in
1321 736 1616 787 monasteriis,
1635 736 1730 778 Bri-

235 816 431 857 tanniam
467 815 832 864 obambulaverit,
870 824 912 857 et
944 817 1005 856 sie
1037 816 1089 857 de
1120 815 1237 873 regia
1267 816 1296 863 ⁵²,
1330 814 1383 855 de
1413 814 1727 854 monachorum

235 892 466 933 ordinibus
487 893 515 942 ³,
545 891 598 932 de
619 892 882 933 errabundis
904 892 1144 934 viatoribus
1163 894 1192 943 ³,
1218 892 1271 933 de
1289 891 1514 948 judicibus
1537 890 1728 950 imagine

235 969 461 1010 verissima
493 968 627 1009 multa
665 969 812 1009 refert.
846 970 954 1011 Cum
983 986 1062 1026 per
1098 969 1282 1019 Italiam,
1314 984 1392 1025 per
1421 967 1607 1009 Galliam
1645 967 1729 1008 iter

234 1045 401 1096 fecerit,
432 1045 620 1102 amplam
642 1045 857 1086 factorum
887 1055 1080 1104 segetem
1110 1045 1351 1103 congessit,
1384 1060 1570 1101 quorum
1604 1060 1726 1101 prae-

233 1123 360 1178 cipua
399 1122 689 1163 indicavimus
728 1131 769 1163 et
806 1122 967 1179 quibus
1002 1122 1164 1164 addere
1202 1123 1329 1164 decet
1362 1130 1453 1162 tum
1487 1137 1617 1162 unam
1654 1128 1727 1161 aut

232 1200 413 1240 alteram
442 1199 740 1240 narrationem
763 1199 816 1240 ad
846 1199 1185 1241 commovendos
1209 1200 1378 1240 animos
1402 1198 1673 1255 aptissimam
1695 1199 1725 1248 ⁵,

232 1285 324 1317 tum
353 1275 405 1317 de
441 1276 675 1325 Gerberto,
713 1285 863 1332 postea
898 1277 1031 1334 Papa,
1063 1276 1276 1317 nonnulla
1312 1275 1522 1316 memoria
1556 1274 1729 1333 dignis-

233 1353 341 1393 sima
368 1353 396 1393 ⁶.

292 1430 450 1470 Narrat
484 1430 614 1470 etiam
650 1429 868 1487 quidquid
903 1429 1083 1480 audivit,
1122 1429 1291 1470 scilicet
1320 1428 1482 1469 tradita
1517 1428 1649 1469 variis
1682 1428 1726 1469 in

233 1506 357 1554 locis,
395 1506 656 1563 praesertim
692 1506 736 1546 in
768 1522 882 1566 pago
916 1506 1149 1556 Wallensi,
1185 1515 1227 1547 et
1255 1505 1597 1564 diligentissima
1625 1520 1727 1545 cura

234 1583 482 1639 conquisita
505 1584 551 1633 7;
589 1599 814 1624 sermones
849 1583 979 1624 modo
1013 1599 1111 1624 cum
1144 1583 1395 1641 insignibus
1433 1582 1557 1633 viris,
1597 1581 1728 1622 modo

234 1676 330 1701 cum
362 1659 771 1717 peregrinatoribus
806 1675 828 1700 e
857 1659 1102 1717 longinquo
1132 1660 1438 1713 redeuntibus,
1475 1675 1563 1700 non
1592 1657 1727 1700 semel

235 1736 364 1777 etiam
388 1752 485 1776 cum
508 1736 731 1793 equitibus
755 1752 776 1776 e
799 1737 983 1794 Templo
1012 1737 1142 1778 dictis
1166 1737 1340 1778 habitos
1361 1738 1395 1789 8;
1427 1736 1543 1777 dicta
1571 1752 1592 1777 e
1621 1735 1728 1776 solis

236 1813 494 1872 regionibus
526 1813 580 1854 ad
616 1813 783 1854 caelum
815 1813 1002 1873 Angliae
1042 1814 1217 1855 nebulis
1255 1813 1430 1854 foedum
1462 1829 1541 1870 per
1574 1814 1726 1854 orbern

514 1891 527 1911 9

233 1890 486 1931 circumlata
534 1924 544 1942 ,
575 1890 721 1947 siquid
754 1890 872 1947 quod
904 1891 1240 1932 admirationem
1269 1899 1342 1931 aut
1380 1890 1727 1931 misericordiam

233 1976 525 2018 commoneat,
555 1967 608 2008 ad
631 1976 853 2008 auctorem
882 1969 1147 2024 pervenerit,
1176 1968 1258 2009 hoc
1280 1968 1325 2008 in
1350 1967 1463 2009 libro
1496 1967 1561 2008 De
1586 1967 1729 2024 Nugl's

232 2044 444 2085 invenies.

293 2121 380 2162 Sed
397 2137 444 2162 ea
462 2137 571 2178 quae
587 2121 711 2179 legit,
731 2121 897 2162 referre
915 2137 1001 2162 non
1019 2121 1204 2171 omittit3
1222 2122 1402 2162 minime
1419 2129 1562 2162 tamen
1579 2120 1727 2161 studet

233 2198 378 2238 omnia
411 2214 520 2254 quae
552 2198 724 2249 didicit,
753 2198 877 2255 quasi
909 2214 988 2255 per
1016 2198 1217 2240 ordinem
1247 2213 1520 2255 proponere3
1551 2198 1726 2254 quoties

232 2291 351 2323 vero,
393 2274 494 2315 dum
530 2275 710 2332 antiqua
744 2291 888 2316 rerum
924 2276 1227 2316 saxonicarum
1263 2274 1528 2331 exemplaria
1546 2275 1587 2323 ¹⁰,
1622 2273 1725 2315 dum

275 2423 303 2453 1.
327 2425 372 2452 De
393 2423 511 2463 Nugis,
536 2434 570 2463 p.
590 2424 660 2453 140.

274 2472 304 2502 2.
327 2470 431 2507 lbid„
453 2471 539 2502 Dist.
561 2472 598 2509 1³,
617 2482 695 2512 cap.
720 2473 751 2509 1,
772 2472 802 2502 2.

272 2519 302 2548 3.
325 2518 425 2553 lbid„
448 2529 525 2558 cap.
544 2519 595 2555 12,
619 2520 668 2555 14,
688 2519 738 2559 16,
763 2520 813 2557 24,
832 2523 896 2549 etc.

271 2567 303 2596 4.
321 2564 422 2601 Ibid„
445 2577 523 2606 cap.
549 2568 598 2596 29.

273 2614 302 2643 5.
336 2612 483 2643 Facinus
513 2618 692 2653 patratum
723 2613 815 2653 apud
843 2613 949 2643 Italos
977 2623 982 2642 :
1013 2612 1099 2643 Dist.
1132 2613 1200 2649 lv-·‚
1223 2623 1299 2654 cap.
1331 2614 1365 2649 1;
1397 2613 1492 2653 apud
1514 2612 1728 2644 Lusitanos:

231 2659 317 2690 Dist.
345 2660 385 2699 1³¹,
402 2671 479 2700 cap.
505 2661 555 2691 12.

271 2708 300 2737 6.
324 2707 411 2737 Dist.
430 2708 500 2744 ΙΨ,
522 2719 602 2748 cap.
629 2709 659 2739 2.

271 2756 299 2784 7.
324 2755 409 2784 Dist.
433 2755 487 2792 11³,
508 2755 549 2785 de
571 2766 660 2785 nono
682 2755 795 2796 capite
817 2755 860 2785 ad
881 2755 1090 2795 vigesimum
1109 2755 1310 2785 secundum.

269 2803 299 2831 8.
322 2802 408 2832 Dist.
430 2803 468 2837 1²,
491 2803 532 2833 de
556 2814 633 2843 cap.
660 2802 947 2843 duodevigesimo
972 2803 1015 2833 ad
1034 2802 1257 2842 vigesimum.

271 2850 301 2879 9.
325 2849 412 2880 Dist.
436 2850 476 2883 1³,
501 2861 579 2890 cap.
602 2851 651 2880 21.

273 2896 322 2926 10.
343 2896 428 2927 Dist.
449 2898 500 2933 V³‚
520 2908 597 2937 cap.
615 2899 646 2928 3.
