1842 3288
244 354 284 384 42
738 361 787 385 DE
822 360 1046 385 WALTEMO
1082 360 1237 385 MAPPIO

249 453 478 501 praesente
526 444 778 501 magistro¹,
829 444 1008 485 alterius
1054 445 1220 485 vicibus
1263 445 1649 501 reprehendebant
1688 454 1735 486 ut

245 520 601 566 emendarentur,
635 522 852 561 neminem
884 530 1003 561 certo
1033 522 1145 562 scire
1169 521 1390 562 fatendum
1414 530 1494 562 est.

306 600 503 650 Quonam
521 614 621 637 vcro
636 614 688 638 ex
704 598 821 638 sonte
838 598 1107 654 praeclaram
1126 598 1243 638 illam
1258 598 1493 639 latinorum
1507 607 1734 639 auctorum

245 675 538 732 cognitionem
559 675 570 695 ²
586 675 789 731 Mappius
806 675 1000 715 hauserit
1016 691 1101 715 non
1120 675 1295 732 quidem
1319 675 1446 715 nobis
1462 684 1733 731 compertum

247 760 334 800 est;
360 766 510 791 rursus
539 759 682 791 autem
705 751 937 807 perspicue
972 751 1167 791 cernitur
1201 751 1315 791 unde
1347 751 1429 807 ipsi
1466 751 1735 791 manaverint

249 837 290 868 ct
303 828 607 884 scientiajuris
621 827 857 877 excellens,
878 835 920 868 et
934 827 1170 868 vehemens
1188 827 1442 868 dialecticae
1463 827 1671 874 studium,
1695 836 1736 868 et

250 905 370 944 firma
400 905 443 944 in
474 903 829 944 reformationem
855 904 1107 961 religiosam
1136 905 1375 945 voluntatis
1395 904 1599 954 intentio,
1625 920 1736 961 quae

247 982 390 1021 omnia
405 981 601 1022 efficiunt
622 989 668 1021 ut
684 981 829 1037 regiae
846 981 1075 1037 potestatis
1098 981 1302 1022 defensor
1317 982 1570 1030 acerrimus,
1591 989 1736 1021 orator

247 1058 423 1099 dicendi
452 1058 637 1115 peritus,
669 1057 854 1098 clericus
877 1058 1150 1099 auctoritatis
1183 1059 1418 1115 impatiens
1451 1057 1580 1098 simul
1601 1057 1733 1098 fuisse

249 1134 379 1175 nobis
411 1143 635 1192 appareat.
675 1134 814 1186 Quam
861 1135 1126 1191 stupendum
1170 1136 1212 1175 in
1252 1135 1428 1175 modum
1468 1133 1733 1183 Abelardus‚

246 1211 467 1253 Arnaldus
502 1211 746 1252 Brixicnsis
785 1220 827 1251 et
871 1210 1000 1252 etiam
1041 1211 1270 1252 Gilbertus
1313 1213 1530 1253 Porroeus
1568 1211 1736 1252 animos

249 1289 607 1339 commovissent,
652 1304 721 1329 res
770 1289 888 1345 ipsae
938 1289 1060 1329 brevi
1111 1296 1294 1329 testatae
1339 1297 1456 1338 sunt,
1499 1297 1541 1329 et
1586 1303 1737 1344 sparsa

207 1396 218 1403 f
251 1365 466 1407 libertatis
517 1366 682 1406 semina
731 1366 772 1405 in
815 1365 1002 1422 amplam
1038 1381 1223 1406 messem
1261 1365 1455 1423 undique
1488 1373 1734 1405 creverunt.

251 1443 377 1495 Quod
424 1443 668 1484 saeculares
720 1442 801 1483 viri
848 1443 950 1483 sacti
996 1451 1143 1483 essent
1197 1443 1424 1484 doctrinae
1477 1442 1734 1499 participes,

249 1537 318 1562 res
348 1529 440 1561 erat
480 1520 654 1560 maximi
695 1520 928 1561 momenti.
984 1519 1144 1560 Procul
1191 1519 1325 1560 dubio
1362 1518 1559 1560 Ecclesia
1595 1518 1738 1559 adhue

249 1607 341 1639 erat
376 1597 457 1638 soli
499 1597 691 1647 domina,
744 1611 841 1637 cum
890 1596 1117 1653 Episcopi,
1165 1598 1384 1637 Baronum
1426 1596 1601 1637 titulum
1653 1594 1738 1635 sibi

248 1682 538 1725 assumentes,
585 1673 699 1714 inter
742 1673 869 1730 regui
908 1688 1115 1729 proceres
1175 1681 1533 1722 numerarentur,
1577 1671 1654 1712 secl
1694 1671 1737 1712 in

250 1752 419 1792 animos
475 1751 702 1791 hominum
762 1751 905 1790 minus
960 1750 1195 1806 imperium
1248 1750 1480 1791 exercebat
1537 1765 1590 1790 ex
1651 1764 1737 1805 quo

250 1828 498 1869 scholarum
516 1829 723 1884 juventus
746 1827 940 1883 inquieta
965 1835 1005 1868 et
1028 1827 1230 1884 petulans
1252 1827 1535 1884 illiusjugum
1557 1826 1628 1866 vix
1649 1841 1737 1866 non

249 1913 522 1953 excusserat3
577 1904 676 1944 idco
719 1904 888 1945 Summi
935 1904 1188 1953 Pontifices,
1229 1919 1326 1944 cum
1373 1903 1539 1944 conscii
1589 1911 1738 1943 essent

249 1981 449 2038 periculi,
469 1981 735 2021 Doctoribus
758 1980 810 2020 ad
828 1996 935 2021 nova
953 1996 1150 2037 quaeque
1169 1980 1403 2037 propensis
1420 1979 1735 2020 Dominicanos

250 2067 291 2099 et
337 2057 652 2099 Franciscanos
700 2058 742 2097 in
789 2057 1083 2098 Uuivcrsitate
1134 2056 1443 2113 adjunxerunt.
1494 2055 1738 2112 Incipiebat

250 2135 366 2192 apud
404 2134 576 2175 scholas
617 2134 832 2192 regularis
885 2134 1027 2174 clerus
1077 2134 1288 2174 saeculari
1335 2133 1601 2174 immisceri3
1645 2142 1738 2174 tum

251 2228 383 2269 quum
412 2212 615 2269 Mappius
657 2211 803 2252 sedem
837 2211 921 2252 sibi
955 2211 1137 2251 Parisiis
1168 2211 1412 2259 constituit,
1452 2210 1510 2251 ita
1547 2219 1591 2251 ut
1633 2210 1738 2251 rixis

251 2305 338 2330 non
365 2289 514 2345 paucis
543 2288 810 2338 interfuerit,
839 2304 1022 2345 quarum
1053 2297 1220 2328 servata
1255 2287 1481 2337 memoria,
1515 2286 1639 2328 facile
1674 2295 1740 2328 est

251 2366 498 2423 intelligere
540 2365 761 2421 quomodo
812 2381 917 2422 erga
959 2365 1195 2421 plerosque
1237 2365 1501 2405 monasticos
1548 2364 1739 2405 Ordines

251 2442 406 2500 primis
441 2442 690 2483 duodecimi
713 2442 875 2483 sacculi
913 2442 1038 2482 annis
1068 2450 1251 2498 repente
1279 2450 1415 2491 ortos,
1453 2457 1498 2482 se
1533 2440 1735 2499 gesserit.

250 2520 374 2561 Unde
397 2519 750 2560 concludendum
788 2518 960 2560 videtur
1003 2535 1009 2558 :
1045 2519 1129 2560 Diu
1158 2526 1453 2559 commoratus
1482 2518 1526 2559 in
1554 2517 1740 2559 Univer-

292 2679 319 2708 1.
343 2678 454 2711 Poole,
479 2689 530 2718 op.
550 2677 619 2713 cil.7
639 2688 672 2717 p.
693 2678 760 2707 122.

291 2727 322 2756 ²2.
342 2725 544 2755 Videbimus
563 2725 654 2755 infra
674 2735 760 2765 quos
783 2729 941 2754 auctores
963 2724 1186 2765 potissimum
1207 2725 1301 2755 citet.

291 2774 320 2802 3.
339 2773 405 2802 Eae
426 2772 620 2801 simultates
642 2782 779 2811 semper
797 2772 998 2801 oriebantur
1012 2771 1102 2802 inter
1123 2772 1302 2811 regulares
1323 2776 1356 2802 et
1371 2771 1567 2802 saeculares
1582 2771 1738 2806 clericos,

250 2830 268 2850 e
285 2819 410 2859 quihus
425 2819 605 2848 constabat
624 2818 834 2859 Theologiae
860 2819 1017 2848 facultas.
1039 2819 1118 2848 Post
1140 2818 1257 2858 turpia
1269 2818 1415 2859 proelia,
1431 2818 1595 2848 suadente
1620 2822 1741 2848 sancta

253 2867 351 2900 Sede,
371 2866 510 2896 ordines
533 2866 714 2896 monastici
744 2870 950 2895 creaverunt
977 2865 1134 2901 Parisiis,
1153 2865 1303 2896 alumnis
1325 2865 1411 2904 suis,
1433 2865 1570 2896 scholas
1595 2865 1639 2895 ab
1660 2865 1740 2895 aliis

253 2912 448 2943 distinctas.
474 2913 632 2952 (Thurot,
653 2924 704 2953 op.
729 2912 799 2951 cit„
823 2924 857 2953 p.
880 2914 931 2951 30,
956 2913 1006 2950 31,
1031 2913 1100 2951 113,
1123 2913 1192 2943 114.
1217 2931 1255 2935 —
1277 2913 1430 2950 Lenient‚
1452 2923 1506 2953 op.
1525 2911 1597 2952 cit„
1617 2923 1652 2953 p.
1675 2912 1740 2951 21.)
