1842 3288
232 347 291 377 136
727 348 776 372 Dr:
810 347 1033 373 WALTEMO
1069 346 1224 371 ΜΑΡΡΙΟ

231 436 409 483 vidisse,
439 442 511 474 aut
539 433 773 474 certiorem
807 449 827 472 a
856 440 966 473 teste
997 431 1143 487 aliquo
1172 430 1331 471 sactum
1359 433 1496 482 esse¹,
1526 448 1623 473 cum
1651 448 1721 474 res

232 513 275 553 in
314 513 407 568 ipsa
441 509 599 567 Anglia
634 525 679 549 se
714 509 887 549 habeat.
923 507 1099 549 Juvenis
1131 506 1325 563 quidam,
1359 508 1486 548 unius
1515 523 1535 548 e
1568 524 1723 565 proce-

233 589 354 629 ribus
384 586 586 637 l'amulus,
618 601 798 626 uxorem
829 584 980 625 famosi
1015 583 1175 640 equitis
1209 583 1381 640 perdite
1411 585 1597 637 amabat,
1626 600 1721 634 nec,

234 679 482 722 quanquam
506 662 690 703 multum
721 671 763 703 et
790 661 864 702 diu
894 670 1090 710 eonatuS,
1118 661 1259 701 facere
1282 668 1454 716 poterat
1485 670 1531 702 ut
1559 661 1725 702 intelli-

234 750 359 802 geret
387 740 458 781 illa
489 756 533 780 se
562 740 714 789 amari,
740 738 901 779 nedum
932 746 977 778 ut
1006 737 1267 778 reclamaret.
1295 737 1379 778 Ubi
1408 746 1552 778 autem
1588 739 1725 779 sensit

236 818 346 859 nihil
378 834 439 865 sc,
477 825 526 857 ut
561 832 636 856 eor
674 815 912 856 scmineum
941 823 1166 872 tangeret,
1204 813 1345 854 adhuc
1381 813 1514 855 fuisse
1555 830 1723 864 ausum,

236 895 403 936 facinus
451 893 645 935 facinore
692 891 914 932 cumulare
966 900 1148 932 conatus
1190 899 1276 939 cst,
1318 890 1488 931 scilicet
1530 891 1726 948 quotidie

236 972 367 1013 armis
415 970 716 1018 exercebatur,
759 977 917 1009 venatu
959 968 1134 1009 assiduo
1182 967 1467 1024 conspicuum
1515 983 1559 1008 se
1601 983 1728 1025 prae-

236 1050 391 1098 bebat,
436 1057 477 1088 et
518 1063 540 1087 a
575 1046 757 1087 ludicris
813 1045 1129 1086 certaminibus
1182 1061 1406 1102 nunquam
1460 1044 1724 1086 abstinebat.

239 1128 372 1180 Cujus
402 1141 499 1165 eum
530 1124 651 1165 brevi
680 1123 791 1163 sama
820 1123 1045 1172 crevisset,
1079 1121 1218 1179 ipsius
1245 1122 1402 1163 aemuli
1428 1137 1558 1163 manu
1589 1140 1609 1161 ‹<
1635 1121 1729 1163 ein-

238 1203 389 1261 gulum
422 1202 601 1242 militiae
632 1218 653 1240 »
685 1200 868 1256 accepit.
903 1199 1140 1256 Aliquanto
1170 1209 1293 1256 post,
1328 1199 1563 1240 novissime
1592 1199 1730 1240 faetus

239 1296 373 1337 eques
403 1278 581 1320 Rolloni
610 1277 823 1334 uxorique
860 1276 901 1316 in
932 1276 999 1316 via
1028 1276 1238 1327 occurrit,
1270 1285 1311 1317 et.
1343 1276 1548 1317 omnibus
1588 1275 1730 1316 modis

239 1356 424 1398 tentavit
460 1364 507 1396 ut
546 1355 710 1396 amanti
751 1354 910 1394 femina
952 1353 1194 1405 arrideret,
1244 1353 1319 1393 sed
1366 1353 1603 1410 impetrare
1643 1367 1731 1393 non

241 1434 399 1491 potuit,
444 1433 653 1488 luctuque
694 1446 933 1488 oppressus
975 1430 1172 1470 recessit.
1216 1431 1385 1470 Interea
1430 1429 1574 1480 Rollo,
1614 1437 1732 1469 tanta

242 1511 375 1551 animi
404 1508 681 1566 aegritudine
718 1506 966 1564 percuISUS,
997 1507 1123 1547 uxori
1163 1506 1322 1547 fatetur
1356 1514 1519 1563 quanta
1549 1505 1733 1546 admira-

241 1587 360 1628 tione
391 1588 618 1642 juvcnem,
655 1585 700 1625 in
738 1599 824 1640 quo
863 1583 1000 1624 virtus
1039 1583 1175 1623 anteit
1217 1599 1376 1631 annos,
1422 1590 1729 1639 prosequatur.

245 1665 404 1706 Secum
433 1671 581 1703 tamen
612 1661 706 1718 ipse
737 1660 908 1717 quaerit
938 1660 1161 1717 quomodo
1185 1660 1259 1700 fiat
1284 1668 1330 1700 ut
1356 1660 1420 1700 vir
1447 1667 1514 1700 tot
1538 1667 1580 1700 ct
1600 1658 1733 1699 tantis

244 1740 421 1782 dotibus
468 1739 680 1796 insignis,
731 1753 916 1797 genere,
966 1738 1130 1785 forma,
1180 1752 1395 1794 prospero
1448 1735 1733 1776 consiliorum

244 1819 378 1865 exitu,
417 1817 670 1857 felicitatem
706 1815 881 1870 assequi
910 1813 1107 1854 nondum
1136 1814 1346 1871 potuerit.
1377 1814 1474 1855 Non
1502 1812 1736 1853 committit

248 1895 404 1935 mulier
433 1902 478 1934 ut
518 1892 698 1934 Rolloni
725 1907 930 1932 arcanum
966 1891 1166 1949 detegat,
1199 1891 1302 1931 satis
1338 1906 1443 1931 vero
1474 1890 1608 1931 habet
1643 1905 1736 1930 res-

246 1971 443 2029 pondere
493 1986 538 2010 se
583 1970 635 2010 ab
682 1968 916 2009 immodico
964 1968 1095 2026 longe
1148 1968 1386 2008 abhorrere
1433 1966 1736 2008 admirationis

248 2064 394 2089 sensu.
434 2046 747 2095 Nihilominus,
784 2045 1068 2085 vehementer
1102 2053 1319 2085 commota
1353 2043 1556 2084 laudibus
1591 2059 1613 2083 a
1647 2058 1738 2083 ma-

249 2125 348 2173 rito,
381 2139 509 2181 quem
539 2121 807 2179 impavidum
837 2121 1095 2162 bellatorem
1126 2137 1221 2162 esse
1250 2129 1446 2168 noverat,
1475 2118 1734 2168 decantatis,

250 2202 377 2242 aliter
410 2209 540 2258 atque
572 2207 698 2240 antea
728 2198 890 2239 sentire
926 2198 1086 2255 eoepit,
1122 2206 1179 2246 et,
1209 2199 1415 2253 juvenem
1456 2212 1603 2237 amore
1636 2211 1740 2251 cap-

249 2288 340 2319 tum
389 2276 536 2335 magni
583 2275 763 2325 faciens,
810 2274 988 2315 tandem
1035 2273 1101 2315 illi
1144 2290 1292 2331 parem
1340 2274 1525 2331 gratiam
1572 2271 1736 2313 retulit.

251 2356 377 2404 Tum,
415 2353 594 2394 audacia
636 2368 712 2393 usa
750 2352 913 2392 nostris
950 2360 1066 2392 certe
1100 2367 1186 2392 non
1226 2350 1409 2409 indigna
1445 2349 1738 2406 temporibUS,

252 2431 486 2472 amatorias
537 2429 706 2470 litteras
754 2444 834 2485 per
881 2428 1091 2469 nuncium
1136 2428 1189 2469 ad
1231 2429 1436 2483 juvenem
1483 2426 1617 2476 misit,
1668 2426 1743 2483 qui

254 2508 399 2549 statim
443 2506 582 2548 adsuit
621 2523 628 2546 :
675 2524 695 2545 ‹(
724 2506 940 2547 Ornatum
986 2505 1122 2563 igitur
1172 2505 1334 2547 Veneri
1381 2504 1553 2560 sibique
1602 2502 1743 2543 thala-

255 2601 372 2626 mum
405 2599 627 2634 arcanum,
664 2598 831 2623 summa
872 2582 1066 2623 secuturi
1097 2590 1211 2633 vota,
1249 2581 1517 2632 subintrant,
1551 2587 1593 2620 et
1629 2580 1743 2620 inter

256 2661 450 2703 eundum
484 2660 630 2717 inquit
659 2659 734 2700 illa
773 2676 780 2699 :
816 2659 1036 2700 «Miraris
1065 2659 1266 2709 forsitan,
1304 2674 1413 2716 quae
1448 2673 1515 2698 me
1548 2656 1629 2697 tibi
1656 2664 1743 2696 tam

257 2739 403 2779 subito
437 2753 566 2778 causa
605 2745 705 2794 post
745 2744 810 2777 tot
844 2744 886 2777 et
918 2745 1005 2777 tam
1035 2735 1236 2777 crudeles
1267 2735 1440 2776 dederit
1467 2733 1741 2793 negationes.

300 2906 329 2936 1.
347 2907 393 2935 De
417 2904 534 2946 Nu31'8‚
560 2915 595 2944 p.
616 2904 688 2941 135,
710 2903 781 2934 136.
