1842 3288
286 308 324 338 80
777 306 827 330 DE
861 305 1084 331 WALTERIO
1120 304 1276 330 MAPPIO

287 397 555 442 ostenderet,
594 392 722 433 etiam
763 390 1075 431 monasterium
1111 391 1309 448 regebat,
1352 391 1394 431 in
1431 407 1516 448 quo
1551 408 1640 434 non
1681 394 1777 436 sine

286 484 464 531 stupore
479 470 675 513 eamdem
693 484 821 526 quam
839 467 945 509 alias
960 468 1267 509 observaverat
1283 467 1528 510 animorum
1542 469 1779 532 mediocri-

286 560 416 592 tatem
441 547 722 607 agnoscebat,
749 544 923 585 easdem
945 545 1218 594 inimicitias,
1245 545 1434 585 ambitus
1457 546 1635 588 eosdem
1663 549 1779 590 circa

287 627 546 685 Magistrum
568 625 592 664 ¹.
618 622 855 679 Reliquum
878 637 1005 663 omne
1039 631 1212 679 tempus
1236 621 1396 663 ceteris
1426 621 1583 664 officiis
1612 624 1743 666 dabat
1767 641 1775 665 ;

288 704 520 761 presbyter
553 700 667 741 enim
690 699 1053 743 Westburensis2
1082 707 1189 752 erat,
1224 698 1462 756 Sanctique
1491 699 1616 741 Pauli
1646 716 1780 742 cano-

288 781 428 828 nicus,
454 777 897 833 Lincolniensemque
916 793 937 815 (t
955 785 1312 833 precentoratum
1331 775 1625 817 »obtinuerat.
1647 778 1775 830 Quod

291 858 325 897 si
349 856 454 914 quid
476 854 688 912 temporis
712 869 844 909 super
866 861 974 904 erat,
993 852 1125 893 dabat
1145 852 1384 896 VValterius
1407 852 1496 893 sive
1518 854 1778 911 parentibus

288 934 377 975 suis
396 932 664 990 junioribus,
690 946 801 987 quos
824 929 877 970 ad
900 946 997 970 eum
1026 930 1263 971 auctoritas
1298 946 1345 971 ac
1375 929 1487 971 sama
1515 932 1609 987 ejus
1637 930 1776 972 addu-

289 1012 415 1052 cebat
429 1010 457 1061 ³,
483 1008 574 1049 sive
596 1007 954 1049 adolescentibus
977 1007 1241 1063 quibusdam
1264 1008 1339 1065 qui
1363 1007 1499 1048 multo
1521 1008 1705 1065 propius
1728 1007 1782 1049 ad

294 1103 390 1129 eum
421 1085 706 1127 accedebant.
735 1085 824 1126 Nec
854 1084 971 1125 enim
999 1084 1173 1125 videtur
1202 1100 1378 1126 severus
1407 1094 1559 1127 noster
1586 1084 1780 1142 philoso-

292 1164 407 1221 phus
436 1163 489 1203 ab
517 1162 586 1203 his
619 1162 764 1202 minus
794 1161 1007 1218 mysticis,
1040 1163 1170 1202 etiam
1199 1161 1538 1203 humanioribus
1569 1163 1783 1218 conjunc-

296 1241 492 1282 tionibus
522 1239 822 1289 abhorruisse,
848 1255 954 1296 quas
978 1239 1022 1279 in
1050 1254 1130 1279 usu
1153 1238 1270 1296 apud
1292 1239 1488 1296 anglicos
1515 1238 1701 1280 clericos
1733 1254 1784 1279 eo

292 1326 490 1374 tempore
517 1316 650 1357 fuisse
673 1317 778 1357 satis
796 1324 948 1357 notum
966 1324 1045 1357 est.
1072 1316 1308 1373 Philippus
1330 1315 1403 1357 ille
1419 1316 1640 1373 Mappius,
1659 1316 1783 1371 cujus

294 1395 470 1436 charta*
486 1394 706 1452 quaedam
724 1409 883 1434 nomen
904 1393 1080 1443 retinet,
1101 1393 1263 1450 aliique
1281 1402 1485 1450 parentes
1507 1408 1615 1450 quos
1633 1393 1718 1433 sibi
1739 1392 1784 1433 in

290 1471 497 1530 gerendis
519 1471 770 1513 beneficiis⁵
797 1471 1076 1527 coadjutores
1094 1471 1335 1514 VValterius
1357 1470 1557 1521 adscivit,
1583 1485 1785 1527 quosque

294 1567 313 1588 «
350 1557 533 1605 nepotes
558 1565 579 1587 )›
610 1548 803 1605 appellat
832 1548 1015 1589 forsitan
1045 1549 1174 1588 etiam
1204 1547 1453 1605 plusculum
1479 1556 1663 1604 nepotes
1691 1546 1784 1588 fue-

296 1626 384 1666 rint
410 1642 538 1683 quam
556 1624 769 1666 decuerit.
789 1624 845 1666 At
867 1633 1055 1666 ascetam
1076 1640 1121 1666 se
1143 1640 1367 1682 nunquam
1395 1623 1626 1665 contendit
1652 1639 1746 1664 esse
1773 1640 1780 1663 :

296 1719 424 1759 saepe
447 1704 541 1759 ejus
565 1704 664 1759 joca
687 1718 734 1743 ae
763 1701 876 1743 sales
905 1701 1159 1743 liberiorem
1182 1702 1403 1743 licentiam
1424 1709 1639 1758 usurpant
1655 1716 1783 1758 quam

296 1795 406 1836 quae
437 1778 657 1820 sacerdoti
690 1779 943 1829 conveniat3
976 1795 1110 1836 quare
1149 1778 1277 1819 nobis
1304 1778 1493 1827 videtur,
1525 1777 1608 1819 etsi
1641 1792 1784 1818 mores

297 1857 435 1913 magis
465 1856 675 1897 delicatos
710 1855 967 1905 laudaverit,
1005 1872 1093 1897 non
1130 1864 1276 1896 tamen
1314 1855 1468 1896 aetatis
1502 1870 1604 1897 suae
1642 1870 1785 1895 mores

295 1934 533 1990 respuisse.

352 2012 465 2051 Dum
492 2019 635 2052 autem
658 2010 896 2054 WValterius
919 2011 981 2051 sic
1003 2026 1054 2051 ex
1082 2010 1306 2051 beneficiis
1332 2009 1545 2051 beneficia
1570 2009 1788 2066 percipie-

300 2088 389 2139 bat,
416 2104 532 2129 nunc
560 2088 830 2129 carminibus
860 2087 1133 2145 indulgebat,
1166 2103 1283 2128 nunc
1309 2087 1423 2128 libro
1451 2102 1529 2127 suo
1560 2087 1619 2127 De
1646 2087 1787 2143 Nzcgz's

301 2174 431 2221 caput
452 2182 584 2206 unum
614 2165 819 2216 addebat,
844 2181 1053 2206 novarum
1081 2181 1226 2205 rerum
1255 2165 1453 2205 curiosus
1481 2179 1654 2220 semper
1676 2171 1784 2215 erat,

299 2251 554 2299 attentoque
584 2242 729 2283 animo
763 2242 1023 2283 observabat
1052 2241 1268 2299 quidquid
1297 2257 1371 2281 rex
1405 2241 1566 2281 novus⁶
1595 2240 1637 2280 in
1669 2239 1786 2280 bello

300 2319 512 2360 tentabat.
546 2319 689 2360 Credo
725 2318 929 2376 equidem
960 2335 1089 2376 saepe
1119 2319 1156 2359 ci
1193 2327 1366 2375 tempus
1398 2317 1505 2358 illud
1546 2318 1589 2358 in
1627 2332 1787 2357 memo-

299 2396 406 2436 riam
429 2395 629 2445 rediisse,
656 2412 741 2452 quo
765 2411 913 2453 regem
938 2396 1174 2438 Henricum
1203 2395 1401 2436 consiliis
1430 2394 1520 2435 suis
1544 2394 1782 2451 adjuvaret.

299 2473 407 2515 Cum
437 2488 556 2531 ergo,
589 2489 702 2514 anno
735 2473 863 2524 1196,
895 2472 1230 2514 archidiaconus
1260 2471 1524 2513 Oxoniensis
1559 2471 1785 2512 institutus
1838 2522 1842 2526 ι

337 2583 366 2612 1.
390 2583 436 2611 De
460 2581 576 2622 Nugz's,
598 2593 630 2621 p.
652 2582 701 2620 10,
727 2583 775 2614 13.

337 2630 367 2660 2.
389 2629 493 2665 lbid.,
519 2639 554 2668 p.
576 2630 647 2660 207.

337 2678 367 2706 3.
387 2676 488 2712 1bid.‚
510 2687 545 2716 p.
569 2677 639 2706 138.

338 2725 369 2754 4.
398 2723 551 2753 lValteriz'
572 2724 704 2765 Mappii
720 2727 912 2764 poematum
926 2725 1095 2765 praefat„
1114 2736 1150 2765 p.
1175 2725 1225 2754 29.

338 2774 368 2802 5.
386 2773 432 2800 De
449 2770 566 2811 Nugis,
588 2781 622 2811 p.
648 2771 697 2801 13.

339 2820 368 2847 6.
388 2819 478 2855 1190,
502 2818 580 2847 1192
603 2828 609 2847 2
633 2818 731 2848 Bella
755 2829 866 2849 sacra.
890 2820 969 2849 1199
996 2830 1001 2849 ;
1024 2819 1060 2849 in
1085 2818 1210 2859 Anglia
1236 2817 1353 2848 civilia
1379 2817 1472 2848 bella
1499 2818 1633 2853 furunt;
1655 2814 1788 2855 Anglo-

297 2876 372 2895 rum
394 2876 452 2896 rex
475 2870 594 2896 contra
616 2865 817 2906 Philippum
841 2868 1035 2908 Augustum
1058 2867 1188 2897 bellum
1212 2866 1296 2906 agit.
