1873 3329
381 371 429 396 DE
467 371 631 396 mulixi-2
666 371 715 396 Ac
754 371 802 396 ΒΕ
839 371 1003 396 vinnius
1038 370 1334 395 COGl'l'A‘l‘lONIS
1541 366 1596 395 1¹⁸3

105 457 270 498 tissime
294 456 458 503 vivunt,
492 465 641 513 pastus
683 456 744 496 eis
787 456 941 495 unicus
985 455 1134 495 solium
1179 464 1218 495 et
1249 456 1399 502 herba,
1445 464 1592 496 natura

103 542 348 591 promptus,
377 549 460 573 nnn
487 542 578 573 arte
602 532 841 575 delicatus:
874 541 1002 587 potus
1027 548 1154 588 aqua,
1188 548 1265 571 nec
1298 532 1474 572 raritate
1498 548 1594 572 cara

104 626 182 651 nec
204 609 521 650 communitate
550 609 661 650 vilis.
698 628 713 646 ·›
738 610 826 649 Nos
850 617 992 649 autem
1017 608 1137 667 leges
1163 625 1331 659 omnes,
1365 618 1594 666 postquam

103 687 350 730 statuimus,
390 686 765 742 transgredimur:
808 685 953 725 nullus
987 685 1051 725 sui
1085 693 1169 725 tam
1207 702 1386 741 compos
1423 694 1488 725 est
1522 686 1596 742 qui

105 779 190 803 nou
221 763 366 803 subito
400 762 670 819 improvidus
701 771 828 818 atquc
859 762 1100 818 imparatus
1136 761 1495 818 deprehendatur
1525 771 1595 803 aut

103 840 236 880 animi
262 841 425 896 impetu
455 839 601 896 aliquo
625 847 697 879 aut
730 839 893 879 inimici
928 838 1112 894 alicujus
1144 838 1342 881 insidiis:
1374 839 1482 879 nulli
1507 856 1597 880 me-

103 916 313 957 diocritas
331 932 459 957 aurea
482 915 640 972 placet.
669 934 688 954 ‹<
718 915 877 956 Sanius
907 924 973 956 est
1002 924 1047 956 ut
1074 915 1399 956 irrationalium
1425 916 1595 956 ratione

106 1009 322 1050 regamur,
355 993 514 1049 quibus
547 1001 699 1033 natura
731 991 886 1033 melius
916 992 1116 1033 ordinem
1147 991 1283 1033 dictat
1312 1009 1439 1049 quam
1471 993 1597 1033 nobis

104 1079 253 1110 nostra
277 1069 491 1126 sapientia
510 1071 534 1112 ¹.
564 1087 584 1108 »

165 1145 333 1199 Quodsi
355 1154 500 1187 tamen
530 1162 616 1187 non
642 1147 685 1186 in
708 1146 985 1205 gravioribus
1015 1162 1144 1202 saepe
1174 1146 1518 1203 cogitationibus
1545 1146 1598 1187 dc

107 1223 301 1264 moribus
324 1223 562 1267 XValterius
589 1223 792 1280 Mappius
816 1231 1079 1273 versaretur,
1105 1223 1149 1263 in
1173 1223 1240 1263 his
1264 1231 1306 1264 et
1332 1239 1411 1263 nos
1434 1232 1597 1263 temere

105 1300 283 1358 longius
318 1316 592 1340 versaremur
628 1317 635 1339 z
669 1299 792 1340 multi
829 1299 943 1340 enim
981 1299 1134 1340 eodem
1163 1308 1363 1356 tempore
1398 1300 1598 1355 hujusce-

107 1376 225 1417 modi
259 1377 436 1434 scriptis
474 1377 769 1418 indulserunt.
811 1377 923 1417 Sunt
955 1385 1099 1417 autem
1132 1375 1291 1417 multae
1326 1392 1480 1417 causae
1523 1392 1599 1417 cur

106 1453 367 1495 NYalterium
400 1453 665 1494 arbitremur
697 1453 901 1510 aequales
929 1469 1030 1494 suos
1061 1453 1170 1494 etin
1199 1453 1278 1493 hac
1310 1461 1433 1510 parte
1469 1469 1599 1509 supe-

105 1546 223 1571 rasse
246 1546 254 1570 :
274 1546 353 1571 nec
377 1530 493 1571 enim
516 1530 672 1588 longae
697 1530 1032 1571 consuetudinis
1056 1546 1135 1571 usn
1159 1539 1231 1571 aut
1254 1529 1477 1571 scribendi
1498 1530 1599 1570 arti-

104 1606 203 1648 ficio
232 1606 421 1664 quodam
451 1623 495 1648 sc
525 1607 578 1648 ad
609 1623 751 1648 mores
775 1606 1077 1664 inspiciendos
1101 1607 1332 1657 convertit,
1359 1607 1435 1647 scd
1464 1607 1598 1647 animi

103 1684 169 1725 sui
198 1684 388 1724 naturali
416 1685 597 1741 impetu.
631 1684 759 1737 Quod
793 1685 829 1725 si
864 1684 960 1741 quis
990 1683 1033 1724 id
1063 1684 1105 1724 in
1135 1684 1269 1725 dubio
1299 1693 1450 1740 ponat,
1483 1683 1601 1741 legat

104 1761 198 1818 ipse
221 1769 262 1802 et
284 1770 493 1818 agnoscat
515 1777 601 1818 qua
622 1761 739 1802 haud
761 1761 894 1802 semel
919 1769 960 1801 et
981 1762 1152 1801 sincera
1173 1776 1253 1801 nec
1276 1760 1375 1801 ficta
1398 1760 1600 1818 indigna-

104 1838 240 1889 tione,
266 1839 426 1895 quibus
454 1839 599 1879 verbis
622 1838 937 1896 pulcherrimis
960 1839 1163 1879 hebetem
1195 1838 1370 1895 saepius
1394 1854 1441 1878 ac
1471 1837 1599 1878 deco-

105 1914 243 1956 lorem
269 1914 429 1956 librum
458 1917 520 1956 De
540 1915 681 1973 Nugc's
709 1916 923 1956 acriorem
950 1924 1078 1972 atque
1104 1915 1359 1955 nitidiorem
1383 1914 1595 1955 effecerit.

167 1992 371 2034 Ceterum
400 1991 444 2032 id
473 2000 518 2032 ut
552 1991 951 2033 animadvertamus
981 1992 1075 2048 ipse
1112 1999 1229 2042 orat3
1262 2007 1307 2032 se
1343 1992 1459 2032 enim
1494 2007 1599 2032 con-

106 2067 246 2109 sessus
287 2077 354 2109 est
387 2069 507 2109 omni
547 2085 631 2125 ope
660 2077 790 2126 atque
823 2084 956 2126 opera
996 2068 1165 2109 enisum
1208 2084 1302 2109 esse
1333 2077 1379 2109 ut
1413 2085 1434 2109 e
1467 2068 1599 2109 rebus

106 2143 275 2185 levibus
304 2160 434 2204 grave
461 2144 681 2202 quoddam
705 2153 834 2202 atque
864 2145 969 2186 utile
993 2144 1243 2201 exemplum
1276 2145 1527 2195 evaderet23
1559 2152 1601 2185 et

108 2221 214 2262 haec
260 2222 304 2262 in
345 2223 439 2278 eJus
480 2222 594 2263 libro
628 2222 833 2279 legimus,
868 2231 956 2263 tam
994 2221 1201 2263 sublimia
1244 2230 1289 2263 ut
1329 2222 1448 2262 omni
1477 2222 1601 2278 operi

108 2299 291 2339 inscribi
312 2298 444 2358 digna
468 2299 571 2348 sint,
598 2299 838 2357 eademque
864 2308 951 2340 tam
973 2315 1072 2340 vcra
1100 2307 1145 2339 ut
1173 2300 1267 2355 ejus
1295 2300 1427 2339 vitam
1450 2299 1599 2355 expri-

111 2384 230 2416 mant
255 2384 384 2433 atque
406 2392 641 2433 personam
671 2375 893 2417 delineare
916 2376 1147 2417 videantur
1173 2393 1180 2416 2
1215 2394 1235 2415 «
1269 2375 1398 2428 Quod
1428 2376 1465 2416 si
1494 2376 1600 2415 mihi

109 2460 225 2493 esset
253 2460 371 2493 tanta
400 2452 500 2509 styli
537 2453 675 2494 virtus
705 2462 893 2510 quantus
929 2461 995 2494 est
1029 2453 1254 2494 scribendi
1288 2453 1476 2501 animus,
1513 2462 1599 2493 tam

108 2528 324 2587 elegantia
361 2529 441 2570 tibi
475 2530 607 2571 verba
644 2530 991 2571 transmitterem
1030 2539 1071 2571 et
1109 2539 1197 2571 tam
1226 2530 1364 2571 nobili
1403 2530 1601 2570 maritata

109 2607 342 2665 conjugio,
380 2615 425 2647 ut
459 2606 632 2666 singula
668 2623 866 2648 seorsum
899 2616 941 2648 et
972 2607 1102 2648 simul
1137 2607 1284 2648 onmia
1319 2623 1444 2648 suum
1480 2606 1601 2647 vide-

112 2691 266 2724 rentur
289 2691 513 2725 auctorem
536 2684 800 2726 benedicere
816 2685 843 2725 ³.
864 2702 884 2723 »
905 2685 1013 2737 Quis
1044 2693 1186 2726 autem
1212 2693 1343 2743 neget
1365 2685 1480 2725 hunc
1503 2699 1601 2724 vere

152 2827 182 2857 1.
206 2829 253 2856 De
276 2827 397 2868 NugiS,
416 2838 450 2867 p.
476 2828 526 2858 25.

154 2873 184 2904 2.
204 2873 307 2911 lbid.‚
330 2885 363 2914 p.
390 2875 459 2906 123.

154 2923 184 2950 3.
205 2920 307 2955 Ιόι’(Ι.,
328 2932 362 2962 p.
386 2921 456 2953 146.
