1873 3329
588 236 637 261 ΗΕ
671 237 725 261 w.
765 237 919 262 MAPvio
956 237 1086 262 POETA
1522 235 1577 263 193

98 329 248 361 notare
294 322 414 375 juvat
459 321 604 377 gravia
653 331 694 362 et
744 323 921 362 robusta
967 338 1149 378 corpora
1208 323 1449 363 seminuda.
1501 324 1581 365 Vix

99 415 119 436 «
149 396 377 452 chlamyde
403 405 439 436 et
465 398 641 438 camisia
674 416 693 436 »
723 399 969 438 vestiuntur
999 414 1130 455 super
1159 419 1174 435 «
1213 400 1368 455 crispis
1400 401 1585 440 seniora-

98 474 213 514 libus
257 491 301 520 »;
341 474 451 515 coeli
505 483 785 531 tempestates
821 475 944 515 facile
989 475 1158 519 ferunt:
1197 494 1215 513 «
1258 477 1336 515 sul)
1366 477 1504 516 ventis
1543 486 1578 516 vl

100 551 180 592 sub
218 550 361 608 pluvia
399 551 522 607 plura
561 567 645 591 non
684 552 828 592 serunt
862 552 1070 608 tegmina,
1110 553 1305 608 quamvis
1342 553 1587 593 brunwsrat

101 628 232 668 boren
304 646 354 671 »2
424 628 577 668 samem
637 627 962 685 dedignantur:
1035 628 1206 669 sortiter
1274 638 1315 669 et
1374 631 1587 670 tenaciter

102 713 315 762 pugnant,
342 704 418 745 sed
439 705 646 745 intereos
677 721 697 743 «
725 704 958 745 validiores
983 705 1154 761 pedites
1185 705 1237 746 ad
1268 722 1457 764 pugnam
1487 708 1589 746 ‘sunt

102 797 230 838 quam
281 782 450 839 equites
493 798 538 831 »3
571 782 659 837 jam
696 781 737 822 in
784 781 914 822 domo
947 798 1021 822 sua
1059 782 1214 837 (home)
1256 783 1586 839 exquisitiorem
1620 838 1624 842 ἡ

103 867 256 899 curant
291 857 575 903 munditianu
619 860 705 915 jam
749 858 991 900 liberaliter
1036 859 1277 916 hospitales
1313 868 1434 906 sunt;
1470 876 1588 900 suam

105 934 320 992 originem
367 950 414 976 ac
456 935 812 992 praecellentiam
853 938 1011 993 jactant
1058 953 1064 975 :
1111 956 1128 973 α
1172 935 1389 977 extollunt
1434 938 1591 992 'l‘rojae

106 1012 379 1068 sanguinem,
422 1011 474 1052 de
514 1028 598 1068 quo
639 1011 805 1053 ducunt
850 1013 1067 1071 originem
1095 1014 1127 1057 ¹:
1167 1022 1208 1053 et
1248 1012 1503 1069 praeferunt
1549 1030 1592 1053 se

107 1088 264 1128 ceteris
299 1106 346 1133 »2
391 1087 444 1129 ad
484 1104 572 1130 rem
609 1105 712 1130 sane
748 1090 939 1146 pertinet
974 1089 1018 1130 in
1058 1089 1128 1130 illa
1171 1089 1470 1146 descriptione
1505 1092 1592 1145 jam

108 1165 408 1206 internoscere
431 1165 695 1207 lineamenta
719 1167 931 1224 quaedam
962 1182 1130 1207 morum
1153 1167 1298 1224 gentis
1325 1167 1458 1217 illius,
1486 1182 1595 1223 quae

114 1257 165 1282 ex
193 1242 403 1283 mixtione
428 1251 468 1283 et
492 1243 804 1285 assimilatione
830 1243 981 1300 populi
1010 1244 1190 1285 victoris
1219 1260 1315 1285 cum
1331 1244 1456 1284 victis
1473 1243 1599 1284 efl'or-

113 1328 224 1360 mata
246 1328 326 1360 est.

172 1396 371 1453 Denique
397 1397 437 1437 in
460 1398 531 1439 W.
553 1397 719 1454 Mappii
742 1398 1018 1455 poematibus
1035 1399 1412 1455 comperirejuvat
1434 1398 1599 1454 aliquot

113 1474 228 1514 inter
265 1473 431 1514 fabulas
472 1490 491 1514 a
525 1475 724 1531 patribus
765 1474 817 1515 ad
858 1475 971 1515 filios
1016 1475 1087 1531 pie
1126 1476 1424 1529 transmissas,
1468 1483 1515 1515 ut
1548 1475 1600 1516 (le

116 1550 228 1599 lacu,
252 1551 331 1591 sub
354 1566 440 1607 quo
464 1551 598 1592 mirus
621 1550 797 1592 auditui
818 1552 1016 1592 sonitus⁹
1032 1551 1122 1600 ;de
1157 1551 1268 1591 colle
1299 1552 1372 1608 qni
1396 1552 1600 1609 agitatur,

115 1627 150 1668 si
175 1643 245 1684 qu
235 1627 349 1668 ando
371 1628 493 1685 genti
515 1644 639 1668 casus
668 1628 947 1668 horiendus
938 1628 1118 1668 lmmine
1122 1629 1213 1678 at³;
1239 1628 1291 1669 de
1316 1628 1497 1677 tumulo,
1531 1628 1603 1669 ubi

116 1719 232 1744 arma
279 1720 461 1760 vespere
509 1705 678 1763 integra
733 1705 906 1755 relicta,
955 1704 1177 1745 confracta
1231 1705 1424 1746 diluculo
1485 1720 1604 1762 repe-

118 1781 340 1830 riu11tur⁴3
390 1780 442 1822 de
483 1781 622 1822 insula
665 1790 706 1822 et
752 1782 880 1823 etiam
923 1798 1029 1838 rupe
1074 1781 1180 1822 mire
1222 1782 1509 1831 mobilibus⁵3
1553 1782 1605 1822 de

119 1858 283 1915 ignotis
318 1858 473 1898 incolis
506 1858 668 1899 deserti
704 1867 745 1899 et
773 1859 913 1915 aperti
947 1859 988 1899 in
1035 1859 1190 1900 mediis
1227 1859 1359 1916 sylvis
1394 1859 1522 1901 loci⁶.
1559 1860 1605 1899 In

120 1935 279 1992 quibus
314 1935 601 1976 traditionum
636 1935 833 1992 disjectis
866 1935 1141 1995 fragmentis,
1179 1936 1295 1977 haud
1336 1936 1429 1977 sine
1462 1936 1609 1977 oblec-

120 2020 329 2059 tamento,
376 2013 673 2069 conspicimus
726 2013 868 2064 unica,
918 2029 1015 2054 cum
1063 2012 1329 2070 quibusdum
1379 2013 1609 2055 saxonicis

123 2088 299 2139 fabulis,
339 2104 448 2146 quae
483 2098 721 2146 supersunt
755 2098 1051 2139 monumenta,
1084 2089 1137 2131 de
1172 2089 1416 2131 vernaculis
1449 2089 1610 2130 litteris

125 2164 324 2223 anglicis.
357 2165 459 2206 Illaa
488 2166 774 2223 popularibus
809 2166 966 2207 animis
1005 2175 1161 2224 sponte
1198 2167 1388 2217 inventa,
1421 2166 1509 2207 sola
1540 2176 1612 2208 aut

128 2241 216 2282 sere
264 2241 379 2292 sola,
435 2243 478 2283 in
524 2243 682 2303 Anglia
722 2243 793 2285 xn'
849 2243 1009 2285 saeculi
1058 2243 1224 2301 aliquid
1272 2243 1468 2285 absolute
1513 2245 1612 2284 novi

130 2319 358 2376 praebent.

189 2396 343 2437 Cetera
390 2411 522 2452 opera
563 2397 737 2454 saepius
784 2412 836 2438 ex
870 2397 977 2438 locis
1016 2398 1161 2439 citatis
1208 2406 1277 2438 aut
1324 2397 1452 2439 etiam
1494 2407 1614 2438 tran-

174 2555 203 2619 ι1
223 2556 393 2588 l’oemata
420 2564 454 2594 Ρ.
481 2555 536 2585 131
566 2556 608 2586 nd
633 2556 702 2588 146.

175 2624 204 2632 ...
229 2604 402 2639 Poemata,
427 2612 462 2642 p.
483 2603 553 2632 138.

175 2652 204 2679 3.
225 2648 326 2684 lbid„
350 2650 471 2689 p.1l1(J.

174 2697 204 2726 li.
225 2695 325 2734 llud„
351 2707 384 2736 p.
405 2696 474 2725 141.

198 2766 205 2774 .
229 2742 330 2777 lbid..
358 2744 481 2783 p.143‚
502 2743 574 2773 1(ιᾶ-

176 2793 205 2821 ti.
225 2790 325 2825 lbid„
350 2802 382 2830 Ρ.
405 2791 473 2820 1415.

1396 2857 1434 2887 13
