1842 3288
234 335 293 365 154
735 338 788 363 DE
820 338 1045 364 WALTERIO
1080 338 1236 364 MAPPIO

238 425 390 480 Itaque
422 422 609 464 scribit:
650 441 670 462 «
699 422 823 463 sedet
851 423 895 464 in
924 423 1130 464 tristitia¹
1158 441 1178 462 »
1209 439 1306 464 cum
1336 424 1529 467 scribere
1561 425 1733 467 debuis-

238 508 303 541 set
333 517 352 538 «
378 499 503 540 sedet
522 499 663 540 tristis
683 517 728 549 »3
751 525 809 530 —
833 518 852 538 «
880 508 922 540 et
955 501 1084 541 etiam
1117 500 1298 556 spiritus
1341 502 1479 543 sancti
1507 518 1653 553 causa,
1685 502 1732 544 fit

234 584 322 616 tam
340 576 579 616 continuae
597 575 791 617 laetitiae
808 576 936 617 bonis
953 576 1217 616 inhabitatio
1233 576 1246 597 ²
1264 594 1285 616 >›
1306 577 1383 618 ubi
1398 577 1545 636 legere
1562 578 1729 619 decuis-

237 662 302 694 set
328 670 335 694 :
370 670 390 692 «
419 661 505 694 tam
529 653 739 694 continua
762 653 927 694 laetitia
950 654 1079 694 bonis
1110 653 1329 695 inhabitat
1358 672 1396 694 ».
1429 656 1478 695 In
1513 656 1730 713 quinqua-

237 730 359 787 ginta
382 731 536 787 primis
558 730 660 771 libri
695 730 889 788 paginis,
922 731 1215 788 quinquagies
1245 739 1286 772 ct
1314 731 1449 772 semel
1476 733 1723 782 verborum,

239 807 559 863 septemdecies
589 807 926 863 adjectivorum,
957 807 1026 848 bis
1055 807 1361 849 adverbiorum
1392 808 1600 850 inlocum
1628 809 1728 850 abs-

236 892 372 925 tracta
392 885 664 925 substantiva
681 884 964 925 succeclunt³.
984 884 1110 925 Nulla
1127 884 1207 925 alia
1226 886 1364 943 magis
1380 894 1482 926 nota
1498 885 1729 943 distingui-

237 970 308 1001 tur
329 962 441 1002 ratio
462 961 641 1002 dicendi
659 978 681 1002 a
697 961 878 1018 Mappio
894 961 1092 1002 adhibita
1109 978 1240 1019 quam
1259 962 1464 1003 infinitivi
1482 962 1600 1003 modi
1616 978 1729 1004 cres-

238 1046 363 1079 cente
396 1055 474 1079 usu
516 1047 558 1079 et
594 1054 773 1079 munere
809 1038 863 1079 ad
896 1039 1115 1080 abstracta
1145 1040 1417 1080 substantiva
1451 1039 1613 1091 delato,
1649 1055 1730 1081 nec

241 1124 342 1156 sunt
364 1115 451 1156 ulla
473 1116 577 1156 vitia
600 1132 712 1173 quae
735 1132 757 1156 a
779 1115 940 1156 tradita
963 1115 1200 1173 disciplina
1224 1117 1363 1176 magis
1384 1117 1668 1157 abhorreant.

300 1194 391 1234 Jam
419 1201 630 1234 venerant
663 1201 861 1249 tempora
889 1193 1049 1250 quibus
1084 1209 1263 1234 necesse
1296 1202 1388 1234 erat
1420 1193 1554 1235 latina
1582 1193 1732 1251 lingua

221 1270 587 1328 ‚redintegratam
608 1270 740 1311 vitam
763 1278 1005 1326 reputaret,
1026 1270 1273 1327 iterumque
1297 1270 1501 1327 sepulcro
1518 1270 1733 1311 condere-

241 1355 328 1395 tur,
353 1363 375 1388 e
404 1363 490 1404 quo
519 1348 554 1387 si
583 1363 809 1404 nunquam
833 1347 1112 1396 surrexisset,
1139 1355 1257 1387 certe
1281 1346 1436 1387 fuisset
1467 1346 1530 1387 illi
1559 1347 1730 1388 melius

241 1424 337 1465 Non
385 1423 501 1465 enim
543 1423 730 1464 feliciter
776 1432 1054 1480 processerat
1093 1432 1210 1464 aetas
1257 1439 1382 1475 nova,
1426 1439 1524 1464 cum
1571 1424 1731 1464 sensim

205 1524 211 1530 —
242 1501 422 1557 propria
460 1501 652 1558 insignia
691 1500 899 1549 exuisset,
937 1508 980 1541 et
1011 1501 1178 1541 nativas
1214 1500 1434 1541 amisisset
1461 1500 1606 1551 dotes,
1637 1500 1732 1541 aliis

241 1577 401 1634 opibus
424 1577 604 1618 minime
639 1577 819 1634 paratis,
853 1578 1045 1634 Tempus
1074 1586 1182 1629 erat,
1217 1577 1412 1634 inquam,
1443 1585 1493 1618 ut
1519 1593 1627 1617 nova
1655 1577 1734 1618 lin-

241 1670 324 1712 gua
353 1655 513 1695 robore
542 1654 733 1711 pollens,
766 1655 995 1710 juventute
1025 1653 1203 1704 florens,
1247 1654 1291 1695 in
1321 1654 1557 1695 moriturae
1591 1653 1735 1695 locum

243 1730 541 1782 sufficeretur,
566 1740 613 1772 ut
635 1732 725 1772 acri
753 1731 1033 1790 ingeniorum
1070 1731 1236 1788 impetu
1268 1731 1350 1772 ista
1384 1731 1586 1772 doctrina
1621 1746 1734 1771 non-

243 1808 327 1849 nisi
350 1824 371 1848 e
394 1808 519 1849 libris
548 1817 754 1849 constans
781 1808 1040 1859 deberetur;
1066 1816 1111 1849 ut
1139 1808 1330 1865 denique
1353 1824 1552 1865 operum,
1578 1823 1688 1866 quae
1715 1824 1736 1848 e

243 1885 336 1927 sola
366 1885 575 1927 memoria
604 1894 699 1926 orta
733 1894 872 1934 erant,
904 1901 972 1926 ars
996 1900 1122 1936 nova,
1148 1885 1324 1926 divitias
1353 1901 1405 1926 ex
1432 1901 1477 1926 se
1505 1901 1732 1942 promens,

242 1963 358 2003 vices
404 1962 624 2020 impleret.
669 1963 880 2020 Quisquis
930 1962 1177 2004 litterarum
1231 1962 1455 2004 studiosus
1503 1971 1585 2015 est,
1638 1978 1735 2003 cum

243 2040 405 2081 librum
422 2040 591 2097 Mappii
613 2039 820 2099 perlegit,
843 2056 1042 2080 auroram
1060 2040 1279 2097 prospicit
1300 2039 1389 2081 diei
1409 2040 1734 2098 praenuntiam,

244 2134 326 2174 qua
364 2117 533 2174 patrius
566 2133 710 2157 sermo
745 2117 952 2174 gentibus
987 2116 1237 2167 illucescet3
1280 2133 1367 2158 non
1400 2125 1546 2158 tamen
1586 2117 1630 2158 in
1661 2116 1737 2158 illo

244 2194 340 2251 ipso
362 2194 427 2235 De
453 2195 594 2250 Nugis
629 2202 717 2234 tam
751 2193 963 2250 despecto
1008 2193 1171 2235 indicia
1206 2194 1366 2235 desunt
1399 2210 1421 2234 e
1449 2193 1608 2251 quibus
1635 2209 1737 2250 por-

243 2271 367 2312 tendi
395 2271 537 2327 possit
557 2279 679 2311 tanta
709 2286 854 2311 rerum
884 2271 1083 2312 mutatio.

286 2396 316 2425 1.
338 2396 372 2425 P.
399 2394 508 2431 2,1in.
529 2394 580 2425 22.

286 2445 315 2473 2.
344 2443 380 2474 P.
403 2443 432 2479 2,
456 2442 517 2472 lin.
539 2442 557 2470 3
581 2446 613 2471 et
633 2443 663 2472 4.

285 2492 316 2520 3.
336 2489 503 2529 Exemplo
525 2493 750 2519 assumantur
770 2488 855 2519 haec
876 2500 894 2519 e
912 2489 1039 2529 viginti
1057 2489 1184 2529 primis
1208 2489 1291 2519 libri
1318 2489 1458 2530 paginis
1476 2490 1633 2520 collecta.
1655 2488 1743 2518 Loca

244 2539 279 2568 in
301 2536 427 2578 quibus
449 2537 629 2566 abstracta
654 2536 876 2566 substantiva
905 2547 969 2577 pro
998 2537 1115 2567 verbis
1145 2541 1363 2577 reponuntur
1383 2548 1390 2568 :
1410 2548 1444 2578 p.
1467 2537 1496 2574 1,
1517 2537 1579 2567 lin.
1601 2540 1636 2573 5·‚
1658 2546 1694 2576 p.
1712 2537 1743 2574 2,

240 2586 304 2615 lin.
327 2585 384 2620 22;
409 2595 443 2624 p.
472 2586 502 2623 3,
533 2584 594 2614 lin.
623 2585 654 2622 3,
687 2585 723 2622 [43
754 2595 789 2624 p.
817 2585 847 2620 4,
877 2584 938 2615 lin.
964 2585 998 2620 1;
1027 2596 1061 2625 p.
1093 2587 1124 2624 6,
1152 2585 1213 2615 lin.
1241 2586 1269 2620 7,
1292 2585 1406 2625 1231).
1437 2586 1466 2623 7,
1489 2584 1549 2616 lin.
1572 2586 1606 2620 ‘23
1632 2594 1667 2624 p.
1693 2584 1742 2620 10,

242 2632 303 2663 lin.
326 2633 382 2668 20;
412 2643 447 2672 p.
475 2632 526 2667 11,
558 2631 619 2661 lin.
646 2632 705 2670 263
731 2642 768 2672 p.
793 2631 844 2670 12,
868 2631 928 2662 lin.
951 2633 987 2668 83
1017 2643 1052 2672 p.
1079 2632 1130 2667 15,
1157 2632 1219 2662 lin.
1250 2632 1306 2670 173
1334 2643 1369 2672 p.
1396 2633 1445 2669 16,
1474 2632 1534 2662 lin.
1559 2632 1613 2669 143
1635 2642 1667 2671 p.
1693 2631 1743 2665 17,

243 2680 303 2710 lin.
323 2681 352 2715 6,
376 2681 425 2715 20,
450 2679 506 2715 21;
526 2690 561 2719 p.
584 2679 635 2717 18,
657 2678 718 2709 lin.
749 2679 799 2715 27,
826 2680 881 2715 283
902 2690 936 2719 p.
962 2681 1013 2715 20,
1037 2679 1098 2710 lin.
1120 2681 1150 2711 3.
1174 2698 1212 2702 —
1241 2680 1330 2710 Loca
1353 2680 1388 2709 in
1410 2679 1537 2720 quibus
1567 2679 1746 2708 abstracta

244 2726 465 2757 substantiva
486 2737 549 2767 pro
565 2725 752 2767 adjectivis
770 2731 985 2766 reponuntur
1008 2737 1014 2757 :
1037 2738 1071 2767 p.
1088 2730 1117 2764 5,
1140 2727 1201 2758 lin.
1218 2727 1246 2765 1,
1269 2728 1306 2766 83
1321 2738 1356 2768 p.
1380 2728 1429 2764 10,
1452 2727 1512 2757 lin.
1529 2727 1558 2765 1,
1578 2728 1613 2763 ὅς
1634 2737 1668 2766 p.
1690 2726 1743 2764 20,

244 2774 305 2805 lin.
327 2774 379 2804 11.
397 2792 438 2796 —-—
459 2774 547 2804 Loca
571 2773 605 2804 in
626 2773 755 2813 quibus
777 2774 957 2805 abstracta
977 2775 1199 2805 substantiva
1219 2785 1283 2815 pro
1306 2774 1483 2806 adverbiis
1505 2777 1743 2814 reponuntur:

245 2832 280 2862 p.
302 2822 350 2860 10,
375 2821 436 2852 lin.
463 2823 511 2858 15,
534 2825 598 2853 etc.
