1842 3288
245 315 305 346 150
741 321 793 346 DE
825 321 1049 347 WAL‘rssmo
1084 322 1238 348 ΜΑΡΡΙΟ

246 415 423 449 teantur
447 423 534 448 non
569 407 721 464 culpo3
754 407 830 448 sed
852 408 927 466 qui
957 424 1131 450 omnem
1161 410 1280 450 omni
1312 411 1456 453 studio
1490 411 1600 452 lucri
1627 412 1738 453 viam

247 483 478 525 inveniunt
494 493 536 525 et
552 493 813 542 sequuntur,
839 486 915 542 qui
933 501 1106 526 omnem
1124 487 1329 528 avaritiae
1351 497 1520 545 portam
1538 488 1743 546 aperiunt

250 569 289 600 et
326 561 660 619 ingrediuntur3
692 562 767 619 qui
803 562 966 603 nullam
1003 564 1254 621 excogitant
1288 565 1574 606 emolumenti
1606 566 1744 606 saevi-

248 638 352 678 tiam
377 655 506 695 quam
530 655 617 680 non
641 648 934 696 exequuntur.
956 640 1073 682 Haec
1097 649 1199 681 sunt
1215 657 1325 698 quae
1342 657 1422 682 nos
1438 641 1584 683 odisse
1601 642 1741 691 decet,

250 724 293 755 et
320 731 371 756 ex
399 716 555 757 horum
583 732 713 757 sensu
743 716 944 758 ducimur
968 718 1010 758 in
1040 718 1299 775 querelam¹.
1335 736 1355 757 »
1391 719 1533 760 Sicuti
1555 719 1744 776 scriptor

250 791 369 833 lento
400 793 538 850 gradu
568 793 779 834 incedens
812 810 988 852 gravem
1021 803 1063 835 et
1094 795 1358 853 indigestam
1385 795 1546 837 molem
1577 796 1744 852 saepis-

252 868 361 910 sime
386 869 499 911 serre
524 870 714 923 videtur,
739 871 797 911 ita
828 872 1007 928 copiosa
1041 872 1181 913 oratio
1214 872 1258 913 in
1284 872 1563 914 immodicam
1595 872 1744 913 facun-

250 946 365 987 diam
396 956 438 988 et
459 948 590 989 verba
614 948 726 989 ultra
751 964 879 1005 quam
903 949 1008 989 satis
1034 958 1099 989 est
1121 950 1254 1006 petita
1285 949 1462 991 excidit.

312 1043 331 1063 «
359 1025 404 1065 In
427 1024 581 1065 vitium
604 1024 726 1066 ducit
747 1025 901 1082 culpae
924 1025 1041 1083 fuga,
1063 1025 1098 1066 si
1121 1034 1240 1067 caret
1269 1035 1376 1068 arte.
1406 1044 1425 1065 »
1450 1027 1557 1067 Post
1580 1025 1742 1067 multos

251 1101 376 1153 alios,
416 1102 541 1143 testis
582 1110 647 1143 est
682 1102 776 1158 ipse
818 1104 1023 1160 Mappius
1064 1104 1229 1144 nemini
1263 1103 1397 1145 licere
1438 1112 1512 1144 aut
1553 1102 1744 1160 aliquam

254 1178 401 1220 dotem
430 1195 591 1239 augere
620 1188 693 1220 aut
713 1180 864 1220 vitium
895 1180 1092 1221 recidere
1121 1180 1207 1221 nisi
1236 1181 1279 1221 in
1308 1180 1554 1236 periculum
1584 1179 1748 1221 incidat

253 1256 430 1297 modum
471 1256 729 1298 excedendi.
771 1256 982 1305 Maculas,
1035 1273 1144 1315 quae
1184 1257 1300 1314 apud
1347 1257 1468 1298 illum
1508 1257 1747 1314 praecipue

219 1319 230 1325 -
253 1333 470 1374 notandae
501 1342 616 1384 sunt,
650 1333 909 1394 diligentius
939 1334 982 1374 in
1013 1334 1154 1375 lucem
1196 1334 1396 1391 proferre
1427 1333 1628 1375 velimus.
1657 1334 1747 1384 Sic,

252 1409 355 1451 dum
380 1426 472 1451 rem
494 1411 628 1452 habet
649 1427 746 1452 cum
775 1427 862 1452 uno
893 1412 1013 1462 vitio,
1044 1411 1239 1468 epitheta
1267 1419 1455 1468 quatuor
1484 1411 1682 1459 assumit,
1708 1419 1751 1451 et

253 1487 477 1528 hominem
499 1496 625 1529 vocat
648 1506 668 1527 «
693 1488 1011 1538 consiliarium,
1031 1483 1372 1544 exploratorem,
1392 1488 1633 1539 stimulum,
1658 1488 1751 1529 ins-

254 1564 491 1622 tigatorem
514 1565 788 1606 crudelitatis
806 1567 819 1587 ‘²
844 1583 889 1615 »3
914 1565 1017 1606 dum
1040 1565 1227 1606 affirmat
1249 1581 1270 1606 e
1300 1565 1494 1607 siderum
1517 1581 1648 1606 cursu
1670 1565 1752 1605 Dei

251 1641 417 1697 judicia
435 1641 594 1683 deduci
610 1658 757 1699 posse,
774 1643 905 1683 verba
917 1642 1080 1694 verbis,
1100 1642 1340 1683 sententias
1357 1642 1590 1683 sententiis
1605 1657 1750 1682 cumu-

256 1717 331 1767 lat,
364 1718 529 1759 nullam
552 1727 699 1760 tamen
724 1720 810 1760 vim
834 1720 1078 1760 sententiae
1095 1728 1138 1761 et
1158 1720 1291 1761 verba
1315 1718 1599 1776 superaddita
1621 1719 1752 1760 rebus

256 1796 364 1852 ipsis
395 1795 750 1837 subministrant.
785 1814 805 1835 «
833 1797 953 1849 Quae
983 1796 1095 1838 facto
1126 1795 1384 1849 decurrunt,
1414 1796 1481 1837 vel
1511 1796 1752 1837 secundum

258 1873 577 1914 elementorum
615 1873 793 1915 foedera
833 1883 1090 1932 praenotata
1126 1883 1244 1923 sunt,
1274 1889 1383 1932 quae
1418 1889 1497 1931 per
1533 1882 1750 1914 astrorum

258 1959 420 2001 ortum,
445 1967 647 1992 occasum
669 1960 712 1992 et
744 1960 907 1993 motum
944 1951 1208 2009 significata,
1245 1967 1354 2008 quae
1383 1950 1625 1992 secundum
1655 1966 1754 1991 coe-

262 2026 416 2068 lestem
445 2036 518 2068 aut
544 2037 766 2069 terrenam
789 2029 963 2085 physim
987 2029 1040 2069 ab
1084 2037 1261 2070 aeterno
1284 2028 1610 2085 praeordinata,
1638 2027 1757 2084 quod

261 2112 379 2145 certa
403 2120 549 2146 rerum
573 2106 709 2146 series
737 2114 857 2146 tenet
892 2114 933 2146 et
967 2106 1085 2163 quod
1119 2114 1322 2147 aeternae
1362 2104 1537 2163 glutino
1571 2103 1756 2145 rationis

261 2182 468 2223 cohaeret
495 2182 798 2230 immobiliter,
831 2198 939 2240 quae
964 2182 1208 2224 secundum
1244 2182 1415 2223 divinae
1445 2181 1756 2238 dispositionis

262 2259 463 2300 ordinem
488 2259 670 2308 instant,
697 2268 740 2300 et
766 2275 875 2317 quae
899 2262 1022 2316 juxta
1052 2259 1290 2300 creationis
1325 2258 1627 2300 conditionem
1655 2273 1756 2314 per-

263 2344 480 2386 severant,
523 2336 800 2394 aliquatenus
843 2337 1061 2389 novimus,
1092 2344 1135 2378 et
1172 2352 1322 2377 eorum
1355 2351 1406 2377 ex
1436 2335 1689 2393 praeteritis
1716 2343 1758 2375 et

261 2413 570 2470 praesentibus
598 2414 810 2455 habemus
839 2414 1177 2471 praescientiam
1192 2415 1220 2455 ³.
1250 2431 1269 2452 >³
1299 2414 1479 2473 Longus
1508 2412 1579 2453 ille
1602 2412 1757 2452 verbo-

265 2505 361 2531 rum
390 2490 599 2531 circuitus
628 2490 672 2531 in
695 2499 885 2532 mentem
918 2499 1090 2532 revocat
1124 2498 1334 2548 quantum
1364 2489 1575 2531 momenti
1597 2489 1762 2530 habue-

265 2566 355 2608 rint
383 2567 622 2608 certamina
645 2568 690 2608 in
713 2568 872 2625 quibus
907 2567 1185 2625 eloquentiae
1220 2566 1422 2624 magistri
1450 2566 1620 2607 tirones
1642 2566 1761 2607 inter

265 2659 309 2684 se
338 2644 674 2686 committebant
702 2645 900 2696 Parisiis,
930 2646 1166 2686 verborum
1195 2660 1395 2686 acervum
1418 2644 1646 2702 ingentem
1668 2658 1761 2683 cer—

307 2794 335 2824 1.
362 2795 408 2823 De
426 2793 543 2835 Nugt's,
569 2805 603 2834 p.
627 2795 676 2824 57.

307 2842 337 2873 2.
360 2841 461 2877 Ibid„
483 2853 519 2882 p.
538 2842 608 2878 161,
629 2842 689 2872 lin.
709 2844 738 2872 7.

307 2890 337 2919 3.
363 2888 463 2928 lbid„
481 2900 516 2930 p.
539 2890 614 2926 163;
638 2889 699 2920 lin.
726 2890 754 2926 1,
780 2892 809 2919 5.
