1873 3329
563 366 611 391 ΗΕ
645 366 854 391 WALTERH
891 367 1032 392 ΜΑΙἸἸΙ
1070 368 1163 392 vrrA
1563 365 1597 394 71

117 466 139 491 e
171 449 413 491 Viennensi
453 467 581 509 pago.
622 467 674 491 ne
709 450 938 491 latentium
978 452 1298 493 haereticorum
1336 454 1600 510 contagione

117 525 386 577 inficeretur,
424 546 442 564 (ι
479 527 538 567 sal
579 528 869 568 exorcizatum
904 527 946 567 in
984 528 1133 584 perula
1171 545 1345 585 semper
1380 530 1601 581 habuisse,

115 603 309 644 nescium
340 605 463 659 eujus
492 604 668 644 domum
697 613 814 645 esset
846 605 1150 664 ingressurus,
1185 614 1220 645 et
1256 606 1417 663 ubique
1449 607 1607 647 timen-

115 688 201 721 tem
231 680 459 737 pellaciam
489 681 644 727 hostis,
677 681 806 721 etiam
841 681 883 721 in
924 697 1072 722 mensa
1107 683 1300 739 propriis
1336 683 1442 723 illud
1471 700 1607 741 appo-

115 756 254 797 suisse
278 757 441 797 cibis».
460 756 757 802 'l'h‹=‹›baldus,
784 774 881 798 cuin
903 774 1036 815 eques
1054 767 1186 811 esset,
1204 760 1409 801 omnibus
1431 759 1608 801 sortium

115 833 306 874 virorum
330 834 582 878 virtutibus,
607 843 652 874 ut
682 834 815 875 refert
838 836 1058 891 Mappius,
1089 836 1328 877 instructus
1358 846 1466 886 erat,
1492 837 1607 878 unde

116 909 181 950 illi
214 926 456 967 generosus
491 919 533 951 et
567 911 882 951 beneficiorum
926 928 1091 952 memor
1131 913 1316 954 animus.
1361 914 1606 954 Ludovicus

114 995 280 1038 sextus,
305 1003 432 1044 quem
458 1004 477 1025 «
504 988 718 1028 Grossum
749 1008 767 1025 υ
795 988 1017 1039 dicebant,
1042 989 1226 1030 feudalis
1250 990 1478 1049 regiminis
1501 999 1607 1031 tcm-

114 1080 237 1121 pore,
263 1064 306 1104 in
329 1063 518 1120 quodam
535 1065 691 1105 horum
713 1065 1103 1121 perdiuturnorum
1127 1067 1343 1107 bellorum
1368 1083 1478 1123 quae
1502 1067 1607 1108 Gal-

115 1140 215 1181 liam
249 1140 648 1198 depopulabantur,
681 1141 850 1182 favente
881 1142 965 1182 sibi
1001 1143 1172 1183 fortuna
1204 1143 1339 1184 semel
1371 1153 1413 1184 et
1449 1145 1607 1185 iterum

115 1217 256 1258 noluit
282 1218 362 1258 uti.
392 1218 500 1259 Cum
530 1218 643 1258 enim
674 1218 864 1275 primum
892 1219 1172 1260 Theobaldus
1204 1220 1295 1261 sere
1322 1220 1441 1261 solus
1472 1237 1609 1278 prope

115 1295 234 1352 regia
264 1302 405 1335 castra
429 1294 674 1335 inconsulte
703 1295 965 1345 ambularet,
995 1312 1015 1336 a
1042 1296 1262 1337 Ludovico
1285 1297 1431 1337 statim
1457 1296 1610 1338 admo-

117 1371 234 1412 nitus
253 1380 334 1419 est,
361 1372 434 1429 qui
462 1371 652 1412 oblatam
676 1372 760 1413 sibi
785 1373 912 1413 unius
942 1374 1075 1413 horae
1101 1373 1318 1414 fortunam
1343 1382 1606 1430 aspernatus

115 1457 196 1489 est.
216 1449 450 1497 Posthaee,
473 1449 705 1490 obsidente
726 1466 828 1506 rege
850 1450 1104 1491 Blesensem
1124 1451 1361 1500 civitatem,
1376 1453 1464 1507 jam
1483 1450 1608 1492 dedi-

116 1526 237 1566 tione
271 1526 544 1576 imminente,
576 1527 737 1567 certior
761 1528 899 1568 sactus
929 1536 995 1568 est
1022 1527 1269 1568 Ludovicus
1301 1528 1605 1569 Theobaldum

116 1602 345 1660 sanguinis
377 1601 493 1643 fluxu
523 1602 813 1651 laborantem,
841 1620 927 1644 non
954 1620 1084 1660 posse
1112 1604 1299 1660 amplius
1331 1605 1450 1645 urbis
1479 1604 1608 1645 saluti

113 1679 361 1720 consulere.
405 1680 612 1732 Quamvis
658 1680 777 1721 aliud
822 1681 1104 1732 suaderetur,
1148 1682 1242 1722 Rex
1285 1697 1421 1738 prope
1468 1682 1608 1722 victor

117 1773 137 1794 «
169 1755 340 1797 reducit
363 1757 548 1813 equites
582 1757 837 1798 incensores
870 1767 1061 1808 revocat,
1095 1766 1152 1809 et,
1184 1758 1340 1799 solutis
1370 1758 1605 1807 machinis,

117 1833 275 1873 reverti
298 1842 505 1890 properat
532 1852 570 1875 )).
597 1834 878 1875 'l'heobaldus
901 1843 1062 1885 autem,
1088 1835 1154 1876 bis
1178 1835 1366 1891 repetito
1389 1835 1610 1892 magnitu-

117 1909 234 1950 dinis
257 1910 393 1950 animi
423 1926 524 1951 vere
555 1913 699 1967 regiae
729 1911 928 1967 exemplo
960 1921 1218 1964 commotus,
1251 1913 1611 1967 magnanimitate

116 1986 232 2027 vinci
274 1987 431 2037 noluit,
467 1996 509 2028 et
545 1989 656 2028 hanc
700 1988 917 2029 Ludovico
953 1998 1074 2030 sexto
1113 1988 1291 2045 scripsit
1332 1989 1561 2046 epistolam
1601 2005 1608 2028 :

119 2080 140 2102 «
175 2063 365 2105 Domino
399 2065 670 2106 Francorum
704 2066 818 2124 Regi
848 2066 1083 2114 Lodovico,
1119 2083 1220 2107 suae
1253 2066 1405 2107 salutis
1434 2081 1614 2107 conser-

116 2141 271 2190 vatori,
309 2141 591 2182 Theobaldus
626 2143 890 2199 Campaniae
927 2159 1073 2184 comes
1118 2144 1161 2184 in
1203 2143 1395 2184 Domino
1429 2142 1613 2183 salutem

114 2217 239 2258 dicit.
269 2218 319 2258 In
353 2218 669 2275 Assumptionc
707 2221 867 2260 Beatae
896 2221 1059 2261 Mariae
1093 2220 1290 2277 Yirginis
1323 2219 1445 2260 vobis
1480 2219 1611 2259 adero

116 2310 195 2351 per
224 2294 411 2352 gratiam
443 2296 626 2348 Christi,
651 2305 820 2337 vestrae
850 2296 903 2337 de
932 2306 1078 2338 cetero
1105 2297 1296 2354 jussioni
1322 2298 1542 2353 pariturus
1566 2296 1609 2336 in

114 2372 338 2420 omnibus,
384 2381 537 2413 auctor
577 2373 836 2414 hostilitatis
882 2375 1001 2431 pacis
1055 2374 1239 2414 amatori
1287 2373 1606 2423 satisfacturus,

117 2447 276 2488 victori
304 2463 370 2489 me
401 2449 563 2490 victum
592 2449 841 2502 dediturus,
873 2459 919 2491 ut
946 2460 1160 2508 perpetua
1187 2451 1260 2492 fiat
1293 2451 1337 2491 in
1372 2450 1500 2491 nobis
1528 2464 1611 2506 pax

117 2539 215 2564 cum
259 2524 427 2566 honore
467 2534 613 2568 vestro
654 2543 838 2584 meoque
879 2526 1112 2568 dedecore.
1156 2527 1309 2570 Valeat
1341 2527 1385 2567 in
1420 2525 1611 2568 Domino

119 2616 294 2657 semper
316 2617 392 2642 rex
413 2602 621 2659 pacificus
638 2604 667 2644 ¹.
696 2622 717 2643 »
743 2604 1022 2646 Christianus
1045 2620 1143 2646 cum
1169 2613 1286 2646 esset
1307 2620 1358 2645 ex
1379 2604 1542 2653 animo,
1567 2611 1614 2644 ut

118 2675 163 2717 in
185 2677 264 2718 hac
287 2678 476 2735 epistola
497 2681 775 2737 apertissime
799 2681 1165 2739 deprehenditur,
1191 2681 1472 2722 Theobaldus
1501 2680 1615 2721 cari-

116 2761 204 2795 tate
233 2754 365 2811 plena
390 2756 629 2813 patientiae
653 2766 696 2799 et
721 2758 894 2799 ardenti
928 2758 1011 2800 fide
1050 2759 1237 2816 insignis
1266 2767 1374 2800 erat.
1406 2757 1614 2815 Leprosis

159 2921 188 2952 1.
210 2923 256 2952 De
275 2922 394 2964 Nugis,
416 2933 450 2963 p.
474 2923 546 2963 219,
571 2924 641 2961 220,
664 2925 737 2962 221,
757 2925 906 2966 passim.
