1842 3288
207 335 267 365 156
703 342 753 366 DE
787 342 1011 368 WALTEnlo
1046 342 1202 368 MAPPIO

207 441 283 466 nes
318 441 339 465 a
386 424 598 466 daemone
639 435 816 467 vexatos
860 428 934 484 qui
975 444 1072 468 cum
1109 427 1344 469 horrendis
1381 428 1621 469 ululatibus
1652 429 1696 470 in

203 501 402 542 tenebris
425 501 524 559 fuga
561 518 605 544 se
634 504 933 560 proripiunt¹,
965 505 1219 561 ignotorum
1253 504 1448 561 equitum
1479 505 1702 562 praeclare

204 578 316 619 facta
333 578 362 626 ²,
388 587 429 619 ct
462 587 562 620 ante
592 581 737 621 omnia
772 589 1012 622 nocturnas
1042 581 1302 622 seminarum
1340 582 1509 638 species
1539 598 1651 639 quae
1680 598 1700 623 a

207 654 310 695 viris
331 655 651 713 aliquantisper
677 658 811 698 amari
835 674 922 698 non
948 666 1157 705 renuunt,
1191 657 1268 698 sed
1291 657 1411 698 brevi
1440 658 1578 700 oculis
1601 659 1701 700 sub-

204 731 444 781 ducuntur,
489 733 714 784 miserum,
753 735 821 775 cui
864 750 951 775 non
980 736 1070 791 jam
1107 735 1234 776 datur
1265 734 1485 786 oblivisci,
1519 743 1620 792 post
1655 751 1701 776 se

209 807 512 866 relinquentes
529 811 557 850 ³.

267 886 374 926 Cum
416 886 542 927 nobis
580 887 687 928 haec
722 887 930 929 miracula
962 897 1154 940 enarrat,
1191 889 1305 930 inest
1335 889 1514 945 Mappio
1549 889 1700 930 nescio

206 977 315 1018 quae
362 963 533 1018 poetica
572 963 709 1004 virtus
744 965 862 1005 intus
896 964 1060 1016 latens,
1110 982 1131 1005 e
1172 982 1254 1023 qua
1293 965 1521 1022 proprium
1565 965 1699 1006 decus

208 1039 428 1080 Saxonum
452 1039 688 1081 bardorum
711 1042 1006 1098 carminajam
1025 1050 1267 1092 traxerant,
1294 1058 1404 1100 quae
1427 1042 1558 1082 etiam
1580 1041 1700 1083 litte-

205 1116 263 1156 ris
286 1131 306 1156 e
330 1117 642 1172 conjunctione
667 1119 897 1160 saxonicae
933 1119 1086 1176 stirpis
1123 1135 1220 1160 cum
1249 1119 1536 1160 normannica
1571 1119 1696 1169 ortis,

204 1193 425 1250 insignem
445 1202 591 1235 notam
616 1194 719 1235 olim
748 1204 840 1236 erat
863 1196 1146 1252 impressura.
1174 1198 1219 1237 In
1245 1193 1561 1237 Herefordensi
1584 1211 1699 1255 pago

202 1269 390 1319 vivebat,
433 1271 592 1327 priscis
632 1273 925 1329 temporibus,
970 1273 1157 1314 Edricus
1194 1273 1359 1324 wilde,
1411 1290 1431 1312 «
1474 1272 1593 1330 quod
1633 1281 1700 1313 est

206 1346 438 1397 silvestris,
464 1348 525 1388 sic
555 1348 698 1389 dictus
722 1365 743 1389 a
778 1350 975 1407 corporis
1008 1349 1205 1409 agilitate
1228 1359 1271 1391 et
1303 1349 1582 1407 jucunditate
1603 1365 1699 1390 ver-

202 1424 359 1464 borum
389 1433 430 1465 et
458 1441 657 1482 operum,
685 1427 815 1467 homo
845 1427 1005 1468 multae
1034 1428 1268 1484 probitatis
1293 1435 1335 1468 et
1357 1426 1562 1468 dominus
1584 1425 1698 1467 Led-

202 1501 353 1541 buriae
383 1501 579 1543 Borealis
615 1520 655 1552 »,
681 1503 866 1552 castelli,
899 1520 985 1561 quo
1012 1513 1212 1561 tempore
1238 1504 1479 1548 VValterius
1506 1504 1694 1554 vivebat,

202 1578 438 1618 notissimi.
479 1580 586 1620 Cum
624 1579 810 1637 quadam
849 1580 919 1622 die
953 1596 1117 1622 venans
1153 1582 1205 1621 ab
1236 1581 1397 1622 itinere
1429 1580 1692 1629 deerrasset,

201 1654 309 1695 vidit
354 1664 483 1696 nocte
527 1656 684 1705 media,
738 1658 811 1698 ubi
872 1658 978 1698 silva
1023 1658 1162 1699 rarior
1210 1666 1318 1709 erat,
1366 1673 1595 1699 accensam
1649 1657 1693 1698 in

201 1748 357 1789 magna
404 1748 601 1790 caupona
636 1733 878 1775 lucernam.
917 1735 1228 1795 Cognoscendi
1263 1735 1369 1792 quid
1404 1743 1519 1775 esset
1548 1734 1696 1776 studio

198 1808 430 1865 impulsus,
450 1811 633 1867 propius
654 1811 839 1863 accedit,
860 1828 936 1869 per
954 1811 1190 1853 fenestram
1213 1821 1490 1870 prospectat;
1509 1820 1694 1868 repente

200 1885 453 1927 saltantium
478 1888 818 1945 canentiumque
851 1889 1112 1930 feminarum
1147 1890 1307 1930 chorus
1330 1905 1426 1930 sese
1454 1888 1518 1929 illi
1543 1888 1689 1930 offert.

202 1980 221 2001 «
265 1964 399 2004 Erant
447 1973 590 2005 autem
626 1965 950 2021 pulcherrimae
991 1975 1189 2023 aspectu,
1222 1975 1496 2023 venustoque
1537 1966 1692 2007 habitu

198 2039 426 2097 eleganter
448 2041 591 2082 cultae
621 2041 739 2082 lineo
774 2051 1001 2084 tantum...
1041 2043 1301 2085 Circuibant
1332 2043 1416 2084 levi
1446 2050 1566 2084 motu
1597 2058 1695 2101 ges-

195 2125 331 2173 tuque
350 2117 564 2173 jucundo,
590 2126 631 2159 et
653 2119 866 2178 castigata
887 2136 1016 2170 voce3
1043 2121 1286 2161 reverendo
1309 2127 1524 2161 concentu
1557 2135 1693 2160 sonus

197 2194 458 2235 audiebatur
510 2195 654 2247 exilis,
700 2204 741 2237 et
797 2213 885 2237 non
928 2206 1020 2238 erat
1072 2213 1216 2238 sermo
1270 2213 1419 2238 earum
1477 2195 1692 2252 intelligi-

198 2270 314 2312 bilis.
344 2272 482 2312 »Una
512 2273 771 2328 praesertim
801 2289 822 2314 e
855 2273 1079 2330 nymphis,
1123 2276 1246 2330 cujus
1285 2274 1423 2330 major
1462 2272 1690 2314 intellectu

196 2362 357 2399 sermo,
382 2348 452 2389 cui
476 2349 663 2390 candida
685 2350 814 2401 stola,
841 2351 1002 2407 equitis
1033 2351 1077 2391 in
1101 2367 1145 2391 se
1168 2351 1384 2391 convertit
1406 2350 1557 2391 oculos
1581 2367 1602 2389 «
1627 2365 1693 2391 ce-

193 2424 300 2464 teris
330 2425 467 2465 sorma
490 2425 686 2483 facieque
710 2435 956 2484 praestans,
983 2444 1114 2485 super
1145 2443 1297 2468 omnes
1320 2443 1475 2486 regum
1507 2426 1690 2468 delicias

193 2500 503 2542 desiderabilis
536 2520 573 2542 )›.
608 2503 846 2545 Crescente
875 2504 1183 2554 admiratione,
1216 2504 1336 2545 nasci
1365 2504 1514 2560 coepit
1542 2519 1687 2554 amor3

196 2596 213 2615 ι(
257 2578 417 2634 accipit
455 2579 614 2620 vulnus
643 2580 687 2620 in
718 2596 809 2631 cor,
854 2597 1046 2638 arcuque
1073 2581 1307 2638 Cupidinis
1342 2581 1586 2638 impressos
1619 2580 1691 2621 vix

190 2655 379 2696 sustinet
400 2655 548 2714 ignes;
574 2665 692 2698 totus
715 2658 989 2709 accenditur,
1014 2667 1133 2700 totus
1160 2659 1251 2699 abit
1281 2659 1323 2699 in
1357 2657 1573 2708 flammas,
1603 2665 1646 2698 et
1666 2672 1687 2698 a

232 2802 260 2832 1.
283 2802 369 2832 Dist.
398 2803 561 2840 secunda,
585 2804 634 2834 14.

233 2849 261 2878 2.
288 2849 389 2887 Ibid.,
410 2851 460 2882 16.

233 2897 262 2925 3.
285 2896 385 2933 Ιὸὶἅ.,
414 2899 462 2937 11,
486 2899 534 2936 12,
560 2900 609 2930 13.

1819 3167 1842 3288 ΒΛὟ,
