1842 3288
811 1018 1044 1062 CAPUT
1091 1020 1164 1062 ΙΙΙ

422 1224 511 1277 De
559 1223 840 1278 Walterio
881 1224 1122 1294 Mappio
1149 1224 1567 1293 fabulosarum

625 1319 1030 1372 narrationum
1075 1319 1359 1389 scriptore

245 1467 262 1509 ξ
285 1467 313 1501 Ι.
337 1488 381 1492 -
403 1467 536 1500 Utrum
563 1467 661 1500 liber
691 1469 744 1501 De
766 1467 885 1511 Nugis
908 1467 957 1500 sit
981 1478 1067 1499 vere
1089 1467 1233 1512 Mappii
1255 1467 1377 1512 opus?
1397 1487 1442 1492 -—
1463 1467 1518 1500 De
1538 1468 1741 1513 proposito

293 1524 392 1569 quod
410 1530 634 1568 persecutus
651 1529 720 1561 est,
744 1523 940 1556 intendens
958 1523 1083 1556 facere
1098 1535 1195 1568 opus
1209 1523 1381 1556 moribus
1394 1522 1499 1558 utile.
1516 1544 1561 1549 —
1580 1524 1739 1557 Constat

294 1580 393 1613 liber
414 1592 432 1612 e
454 1579 747 1613 narratiunculis
771 1580 815 1612 ad
838 1580 989 1612 diversa
1011 1586 1183 1624 tempora
1205 1579 1479 1624 spectantibus,
1503 1586 1539 1613 et
1564 1580 1740 1613 diversae

296 1636 455 1681 originis
477 1650 482 1668 :
509 1636 602 1669 aliae
624 1637 668 1668 ad
692 1635 891 1669 historiam
914 1636 1082 1675 attinent,
1107 1635 1201 1669 aliae
1224 1636 1268 1668 ad
1283 1635 1446 1675 litteras,
1471 1635 1564 1669 aliae
1592 1637 1637 1669 ad
1659 1643 1739 1669 tra-

296 1693 373 1726 dita
389 1693 424 1725 in
445 1704 543 1738 pago
565 1692 767 1726 XVallensi.

247 1750 264 1793 ξ
285 1750 333 1783 II.
354 1770 399 1774 —
424 1749 563 1789 Quanti
588 1749 766 1782 momenti
791 1749 840 1781 sit
867 1748 903 1781 in
930 1748 1090 1782 historia
1112 1748 1212 1781 liber
1232 1751 1286 1782 De
1307 1748 1440 1794 Nugis.
1461 1768 1508 1774 —
1531 1749 1668 1782 Gravia
1693 1750 1741 1782 de

297 1806 426 1844 rebus,
445 1806 490 1839 dc
512 1805 702 1850 personiS,
726 1806 770 1838 de
789 1804 961 1838 moribus
983 1805 1211 1850 praesertim
1227 1806 1366 1838 indicia
1384 1806 1421 1838 in
1442 1817 1486 1839 eo
1508 1805 1739 1840 referuntur.

294 1883 340 1887 —
361 1863 414 1895 De
441 1862 533 1895 belli
556 1873 697 1900 amore,
719 1862 763 1894 de
786 1862 859 1894 fide
882 1861 1088 1894 christiana
1110 1863 1208 1907 apud
1229 1861 1619 1906 Anglo-Normannos,
1645 1862 1740 1895 duo-

296 1919 440 1952 decimo
470 1918 634 1957 saeculo,
658 1917 850 1951 VValterio
872 1918 1026 1963 Mappio
1053 1925 1219 1953 auctore.
1242 1939 1286 1943 —
1309 1918 1534 1951 Paucissimi
1563 1924 1650 1951 sunt
1676 1917 1741 1963 qui

293 1975 434 2025 litteris
465 1974 696 2008 excolantur.
723 1994 769 1999 -—
794 1974 973 2019 Equitum
1001 1974 1203 2019 disciplina
1233 1986 1360 2008 mores
1393 1974 1507 2019 paulo
1538 1975 1575 2007 in
1605 1973 1742 2007 melius

295 2022 427 2065 mutati
450 2038 606 2067 sunt.—-
627 2031 681 2063 De
705 2030 913 2063 reverentia
928 2042 1018 2075 erga
1035 2030 1227 2065 mulieres.
1254 2031 1364 2064 Fides
1387 2043 1498 2076 quam
1522 2037 1629 2064 tenax
1648 2041 1741 2076 pro-

294 2088 412 2134 positi
431 2088 557 2121 fuerit.
582 2088 636 2120 De
650 2087 817 2120 Caritate
840 2087 876 2119 in
897 2086 1123 2131 proximum.
1137 2107 1183 2112 --
1199 2087 1373 2132 Mitigata
1390 2099 1537 2120 morum
1552 2087 1742 2132 asperitas

296 2157 408 2189 saepe
430 2144 636 2178 revolvitur
657 2144 702 2176 ad
719 2144 918 2188 pristinam
932 2143 1123 2179 ferociam.

246 2202 263 2245 ἓ
285 2201 354 2237 ΙΙΙ.
370 2222 417 2226 -
432 2201 571 2242 Quanti
594 2201 770 2234 momenti
794 2200 843 2233 sit
870 2200 906 2232 in
926 2199 1068 2232 litteris
1089 2199 1189 2232 liber
1208 2201 1262 2233 De
1278 2199 1411 2245 Nugis.
1427 2220 1472 2224 —-
1495 2199 1609 2232 Nullo
1628 2210 1742 2243 appa-

294 2265 376 2291 ratu
405 2257 582 2303 Mappius
611 2257 778 2302 scripsit.
812 2276 857 2280 —-
882 2256 981 2289 Vitia
1008 2256 1138 2301 operis
1171 2256 1258 2301 plus
1289 2262 1435 2293 nocent.
1466 2256 1497 2288 si
1527 2256 1572 2289 de
1599 2255 1743 2288 litteris

293 2321 438 2359 agatur.
455 2334 501 2339 -—
514 2315 550 2346 10
566 2314 666 2354 Quid
684 2313 919 2346 sentiendum
936 2313 980 2345 de
998 2312 1185 2345 fabulosis
1208 2311 1491 2346 narrationibus
1513 2323 1609 2357 quae
1632 2323 1740 2344 suum

292 2371 416 2404 locum
450 2370 589 2403 habent
618 2370 654 2402 in
683 2369 798 2404 libro.
831 2390 875 2394 —
912 2369 1105 2409 Quaenam
1142 2369 1228 2407 sint,
1270 2380 1344 2413 quo
1381 2375 1563 2413 spectent,
1600 2367 1742 2414 quibus

293 2427 447 2461 dotibus
488 2427 815 2469 commendentur;
851 2432 987 2471 quanta
1020 2425 1069 2458 sit
1104 2425 1281 2458 alacritas
1315 2425 1351 2457 in
1383 2424 1607 2471 colloquiis3
1645 2436 1742 2470 quae

293 2490 496 2530 praecepta
528 2484 573 2516 de
609 2481 780 2517 moribus
813 2481 1038 2515 tradantur?
1064 2501 1109 2505 —
1145 2481 1186 2513 In
1218 2481 1379 2526 depictis
1414 2480 1617 2525 effigiebus
1647 2480 1743 2513 nihil

295 2541 450 2579 eminet;
481 2539 577 2573 ratio
606 2538 854 2584 componendi
885 2550 1035 2583 semper
1065 2543 1122 2570 est
1149 2538 1292 2571 eadem.
1315 2557 1361 2562 ——
1387 2537 1587 2577 Quomodo
1618 2537 1745 2582 digre-

296 2598 422 2630 diatur
452 2602 583 2630 auctor
607 2608 626 2628 a
652 2595 866 2640 proposito,
901 2601 936 2628 et
973 2595 1009 2626 in
1043 2594 1284 2640 quaestiones
1322 2593 1519 2639 generales
1547 2592 1668 2626 abeat.
1697 2611 1744 2618 —

296 2655 333 2686 20
352 2654 452 2694 Quid
475 2653 520 2685 de
542 2651 667 2697 stylo?
693 2652 826 2684 Sermo
848 2651 1047 2696 expeditus
1064 2657 1133 2687 est,
1160 2651 1226 2683 sed
1249 2662 1362 2695 saepe
1375 2661 1488 2695 prave
1508 2650 1690 2682 facundus
1708 2656 1745 2683 et

296 2710 406 2743 nimis
426 2709 649 2755 exquisitus,
665 2729 709 2732 —
723 2708 835 2748 Quod
854 2708 899 2740 ad
916 2707 1197 2752 grammaticam
1218 2707 1395 2752 pertinet,
1411 2706 1626 2740 lValterius
1642 2706 1746 2751 Map-

296 2767 382 2812 pius
403 2778 538 2812 parum
559 2770 666 2798 curat
686 2764 732 2798 de
752 2763 904 2809 legibus
927 2770 963 2796 et
985 2764 1030 2796 de
1052 2763 1267 2807 insignibus
1289 2764 1389 2796 notis
1409 2763 1548 2796 latinae
1577 2762 1742 2807 linguae.

296 2844 341 2848 -—
368 2823 503 2856 Latina
531 2822 661 2866 lingua
690 2821 767 2865 jam
806 2820 973 2865 implevit
1005 2832 1072 2853 sua
1099 2820 1193 2859 fata;
1225 2826 1377 2864 oportet
1403 2819 1521 2853 altera
1553 2819 1591 2851 in
1621 2818 1746 2852 locum

297 2879 400 2912 illius
421 2879 614 2912 succedat.

253 2936 422 2981 §1V.—
443 2935 498 2968 De
535 2934 687 2968 traditis
719 2933 817 2978 apud
846 2932 1076 2966 &Vallenses
1109 2952 1154 2957 —
1181 2932 1431 2977 Perspicuum
1459 2937 1530 2971 est,
1565 2942 1608 2964 ex
1644 2929 1747 2963 libro
