1842 3288
228 310 267 338 48
720 315 771 340 DE
805 315 1218 340 xx'ALTE1z10·31A1²P10

232 416 367 456 usquc
390 400 441 440 ad
464 399 715 450 Jordanem,
745 400 821 441 sed
849 400 984 441 latina
1006 409 1174 441 tantum
1200 401 1402 441 utebatur
1425 410 1467 442 ct
1492 401 1646 460 gallica
1673 419 1711 443 ³).

233 479 268 517 Is
303 486 395 517 crat
434 477 570 533 igitur
608 478 682 533 qui
718 493 814 518 cum
849 478 1161 519 Universitatis
1197 478 1461 518 Parisiensis
1496 478 1712 528 auditore,

231 553 422 593 litterato
450 554 558 604 viro,
591 563 633 594 ut
659 556 752 610 ejus
783 554 1012 595 declarant
1045 570 1194 610 opera,
1221 553 1565 611 colloqueretur.
1597 556 1719 607 Quo-

232 630 345 670 niam
363 639 505 671 autem
528 630 682 675 Maria,
711 631 828 689 regia
854 632 996 689 virgo,
1017 647 1116 671 suas
1135 631 1302 671 fabulas
1328 631 1516 672 llenrico
1539 631 1715 681 dicavit,

233 707 409 748 minime
445 707 655 748 miramur
684 708 802 765 quod
832 708 904 748 ille
940 724 959 748 a
993 709 1189 765 Mappio,
1224 717 1268 748 ut
1298 708 1368 748 hic
1398 708 1566 756 scribit,
1601 724 1719 749 com-

232 792 376 824 menta
413 793 454 824 ct
494 785 768 825 narrationes
804 785 962 841 quibus
1006 785 1136 825 aulici
1176 785 1526 834 delectabantur,
1569 784 1720 843 colligi

228 861 425 915 jusserit.
466 861 538 901 Sic
574 861 790 901 Ilcnricus
832 861 914 902 fuit
952 862 1165 902 barbarus
1202 862 1336 902 veluti
1370 861 1584 902 Medicius
1621 870 1721 903 ante

232 937 520 978 Mediciorum
559 946 774 994 tempora,
825 939 1028 995 Mappius
1070 955 1171 979 vero
1223 939 1346 996 quasi
1388 939 1723 980 Decamerontis

233 1025 384 1054 auctor
412 1022 511 1054 ante
546 1015 844 1055 Boccatium¹.
884 1016 973 1056 Nec
1002 1032 1177 1072 semper
1205 1015 1257 1056 de
1289 1016 1472 1056 scientia
1495 1016 1625 1072 juris,
1651 1024 1723 1056 aut

233 1091 285 1130 ‹lc
323 1091 498 1139 litteris,
537 1099 627 1131 tum
663 1091 829 1141 latinis,
865 1101 956 1132 tum
990 1092 1163 1149 gallicis
1194 1108 1441 1133 sermonem
1481 1093 1718 1133 habebant.

235 1169 558 1225 Nonnunquam
580 1169 696 1209 enim
722 1169 764 1208 in
787 1169 1049 1209 cachinnum
1073 1178 1160 1217 aut,
1181 1169 1434 1210 lasciviente
1458 1169 1657 1217 libidine,
1678 1170 1722 1210 in

235 1245 440 1286 scurriles
457 1247 580 1301 jocos
603 1245 821 1302 colloquia
851 1246 964 1286 inter
987 1262 1137 1305 regem
1161 1255 1202 1287 et
1224 1246 1433 1287 clericum
1456 1247 1648 1287 exibant.

1161 1331 1329 1363 <tratum
1364 1322 1497 1364 fuisse
1533 1324 1723 1364 Henrico

1160 1358 1184 1381 τ)

237 1399 362 1439 scriis
404 1399 692 1456 quorumdam
732 1400 1046 1440 monachorum
1075 1400 1221 1440 verbis
1252 1399 1603 1440 cavillationibus
1632 1416 1725 1441 res-

294 1323 408 1362 Haec
440 1322 590 1363 audire
622 1322 776 1372 libeat,
811 1322 924 1363 unde
958 1324 1125 1379 patebit

236 1476 446 1532 pondere,
480 1484 521 1517 et
559 1477 715 1517 urbani
744 1477 895 1517 famuli
925 1477 1054 1536 nugis
1084 1493 1231 1517 aurem
1261 1476 1540 1517 commodare
1565 1477 1725 1534 gratis-

237 1553 410 1594 simum.
451 1553 645 1605 Quadam
688 1553 781 1602 die,
818 1554 1055 1594 comitante
1093 1553 1323 1603 walterio,
1362 1553 1723 1595 Cisterciensium

238 1630 452 1670 Henricus
500 1630 815 1671 monasterium
862 1630 905 1670 in
952 1630 1109 1689 Anglia
1159 1629 1496 1687 septentrionali
1541 1630 1722 1680 adierat,

238 1708 360 1762 cujus
388 1707 508 1763 prior
538 1706 708 1764 regium
737 1707 957 1763 hospitem
987 1716 1028 1747 et
1065 1709 1159 1763 ejus
1188 1707 1376 1748 asseclas
1403 1723 1482 1764 per
1509 1707 1725 1764 spatiosas

238 1783 384 1833 aedes,
410 1799 488 1839 per
511 1799 649 1834 areas,
675 1800 752 1840 per
782 1784 908 1833 atria,
935 1800 1013 1840 per
1036 1784 1205 1825 culinas
1229 1784 1449 1840 jucundas
1480 1792 1659 1841 aspectu
1685 1792 1728 1825 et

239 1876 366 1901 suave
396 1860 565 1902 olentes
593 1861 968 1902 circumducebat.
1004 1861 1349 1903 Consabulantes
1383 1861 1560 1902 tandem
1594 1877 1726 1902 vene-

239 1946 337 1978 rant
374 1937 426 1977 ad
456 1937 649 1994 Capituli
677 1938 897 1987 conclave,
936 1954 1033 1978 cum
1062 1939 1200 1995 prior,
1232 1938 1344 1979 elata
1373 1954 1495 1990 voce,
1532 1938 1726 1979 vestibus

238 2014 430 2070 graviter
453 2015 724 2070 compositis,
751 2015 977 2064 exclamat,
998 2015 1058 2055 nil
1076 2014 1241 2055 humile
1258 2031 1419 2056 sonans
1444 2032 1451 2055 :
1473 2015 1500 2053 «¹
1519 2015 1724 2063 Domine,

239 2090 360 2131 locus
383 2098 449 2131 est
476 2091 546 2131 hic
575 2090 772 2132 locorum
801 2092 996 2132 omnium
1027 2108 1156 2149 quem
1182 2092 1369 2149 amplius
1396 2092 1496 2133 odio
1526 2091 1727 2132 diabolus

239 2167 388 2216 habet,
450 2167 657 2224 quoniam
721 2168 793 2208 hic
853 2176 993 2209 errata
1051 2169 1356 2226 eorriguntur3
1418 2169 1490 2209 hic
1550 2177 1727 2225 peccata

241 2244 508 2300 puniuntur;
541 2244 611 2285 hic
642 2245 940 2286 exorbitantes
969 2245 1022 2286 ad
1049 2245 1161 2286 viam
1189 2245 1384 2286 veritatis
1415 2253 1545 2302 atque
1577 2245 1729 2286 salutis

242 2320 526 2361 reducuntur.
557 2339 576 2359 »
601 2322 710 2362 Tum
730 2337 820 2369 rex,
847 2321 900 2362 ad
923 2322 1153 2379 Mappium
1177 2338 1432 2373 converSUS‚
1458 2324 1580 2379 cujus
1605 2337 1731 2363 saeva

241 2406 395 2438 contra
419 2397 738 2439 Cistercienses
761 2399 958 2439 convicia
983 2398 1312 2447 recordabatur,
1339 2398 1570 2456 respondit
1592 2398 1732 2456 priori

241 2473 422 2529 (dictum
448 2483 590 2515 autem
626 2475 668 2515 in
693 2474 863 2532 flagella
890 2484 931 2516 et
958 2475 1104 2533 virgas
1129 2475 1330 2533 cadebat)
1356 2492 1365 2516 ε
1403 2493 1424 2514 (ε
1454 2477 1542 2517 Nec
1572 2475 1731 2516 mirum

244 2551 280 2591 si
313 2550 457 2592 locum
491 2551 607 2591 hune
642 2567 745 2608 prae
786 2552 945 2593 ceteris
981 2552 1088 2593 locis
1125 2552 1330 2593 omnibus
1372 2552 1511 2612 magis
1552 2567 1728 2593 exosum

244 2627 377 2668 habet
400 2627 677 2684 perniciosus
701 2627 773 2668 ille
798 2636 1047 2687 suggestor,
1075 2627 1297 2668 multoties
1318 2628 1435 2669 enim
1457 2628 1501 2669 in
1523 2643 1573 2669 eo
1594 2643 1730 2684 vapu-

244 2703 336 2744 lant
358 2704 486 2745 amici
508 2704 574 2745 sui
596 2704 713 2745 boni.
744 2722 764 2743 >³
782 2729 839 2736 —
854 2704 989 2756 Alias,
1016 2720 1165 2762 regem
1189 2721 1210 2746 a
1228 2706 1457 2746 venatione
1474 2704 1732 2746 redeuntem

286 2869 316 2899 1.
338 2870 421 2900 Vide
441 2871 476 2900 in
498 2881 569 2911 seq.
589 2871 713 2911 capite.
737 2889 775 2892 —
796 2873 841 2901 De
863 2870 980 2911 Nugis,
1002 2882 1037 2911 p.
1066 2871 1133 2902 140.
