<?xml version="1.0" encoding="UTF-8"?>
<!DOCTYPE html PUBLIC "-//W3C//DTD XHTML 1.0 Transitional//EN"
    "http://www.w3.org/TR/xhtml1/DTD/xhtml1-transitional.dtd">
<html xmlns="http://www.w3.org/1999/xhtml" xml:lang="en" lang="en">
 <head>
  <title>
</title>
<meta http-equiv="Content-Type" content="text/html;charset=utf-8" />
  <meta name='ocr-system' content='tesseract 3.04.00' />
  <meta name='ocr-capabilities' content='ocr_page ocr_carea ocr_par ocr_line ocrx_word'/>
</head>
<body>
  <div class='ocr_page' id='page_1' title='image "./dewalteriomappio00barduoft_0075.png"; bbox 0 0 1873 3329; ppageno 0'>
   <div class='ocr_carea' id='block_1_1' title="bbox 459 321 1508 351">
    <p class='ocr_par' dir='ltr' id='par_1_1' title="bbox 459 321 1508 351">
     <span class='ocr_line' id='line_1_1' title="bbox 459 321 1508 351; baseline -0.004 -1"><span class='ocrx_word' id='word_1_1' title='bbox 459 325 508 350; x_wconf 69' lang='lat' dir='ltr'>1)ss</span> <span class='ocrx_word' id='word_1_2' title='bbox 543 324 753 351; x_wconf 69' lang='lat' dir='ltr'>vaLTEnu</span> <span class='ocrx_word' id='word_1_3' title='bbox 789 324 932 349; x_wconf 74' lang='lat' dir='ltr'>MAPi‘n</span> <span class='ocrx_word' id='word_1_4' title='bbox 968 323 1065 349; x_wconf 70' lang='lat' dir='ltr'>VITA</span> <span class='ocrx_word' id='word_1_5' title='bbox 1469 321 1508 347; x_wconf 70' lang='lat'>5¹.»</span> 
     </span>
    </p>
   </div>
   <div class='ocr_carea' id='block_1_2' title="bbox 3 407 1505 2541">
    <p class='ocr_par' dir='ltr' id='par_1_2' title="bbox 10 407 1504 546">
     <span class='ocr_line' id='line_1_2' title="bbox 10 407 1504 468; baseline -0.003 -15"><span class='ocrx_word' id='word_1_6' title='bbox 10 411 210 468; x_wconf 86' lang='lat' dir='ltr'>judicum</span> <span class='ocrx_word' id='word_1_7' title='bbox 240 427 349 468; x_wconf 88' lang='lat' dir='ltr'>quos</span> <span class='ocrx_word' id='word_1_8' title='bbox 380 411 423 451; x_wconf 88' lang='lat' dir='ltr'>in</span> <span class='ocrx_word' id='word_1_9' title='bbox 453 417 670 466; x_wconf 76' lang='lat' dir='ltr'>potestate</span> <span class='ocrx_word' id='word_1_10' title='bbox 693 409 896 457; x_wconf 84' lang='lat' dir='ltr'>habebat,</span> <span class='ocrx_word' id='word_1_11' title='bbox 923 409 991 449; x_wconf 91' lang='lat' dir='ltr'>cui</span> <span class='ocrx_word' id='word_1_12' title='bbox 1026 407 1267 449; x_wconf 88' lang='lat' dir='ltr'>remedium</span> <span class='ocrx_word' id='word_1_13' title='bbox 1303 417 1345 449; x_wconf 94' lang='lat' dir='ltr'>et</span> <span class='ocrx_word' id='word_1_14' title='bbox 1376 409 1504 449; x_wconf 87' lang='lat' dir='ltr'>satis-</span> 
     </span>
     <span class='ocr_line' id='line_1_3' title="bbox 16 486 799 546; baseline -0.008 -16"><span class='ocrx_word' id='word_1_15' title='bbox 16 489 251 530; x_wconf 86' lang='lat' dir='ltr'>lactionem</span> <span class='ocrx_word' id='word_1_16' title='bbox 277 487 489 546; x_wconf 79' lang='lat' dir='ltr'>indagare</span> <span class='ocrx_word' id='word_1_17' title='bbox 514 486 755 528; x_wconf 73' lang='lat' dir='ltr'>conabatur</span> <span class='ocrx_word' id='word_1_18' title='bbox 774 487 799 524; x_wconf 93' lang='lat'>¹.</span> 
     </span>
    </p>

    <p class='ocr_par' dir='ltr' id='par_1_3' title="bbox 9 560 1505 1924">
     <span class='ocr_line' id='line_1_4' title="bbox 75 560 1502 618; baseline -0.002 -14"><span class='ocrx_word' id='word_1_19' title='bbox 75 563 270 616; x_wconf 84' lang='lat' dir='ltr'>Quadam</span> <span class='ocrx_word' id='word_1_20' title='bbox 313 563 383 603; x_wconf 88' lang='lat' dir='ltr'>die</span> <span class='ocrx_word' id='word_1_21' title='bbox 422 561 752 618; x_wconf 75' lang='lat' dir='ltr'>congratulatus</span> <span class='ocrx_word' id='word_1_22' title='bbox 783 569 849 601; x_wconf 84' lang='lat' dir='ltr'>est</span> <span class='ocrx_word' id='word_1_23' title='bbox 899 560 983 617; x_wconf 86' lang='lat' dir='ltr'>ipsi</span> <span class='ocrx_word' id='word_1_24' title='bbox 1021 560 1259 603; x_wconf 62' lang='lat' dir='ltr'>NValterius</span> <span class='ocrx_word' id='word_1_25' title='bbox 1297 561 1502 618; x_wconf 79' lang='lat' dir='ltr'>Mappius</span> 
     </span>
     <span class='ocr_line' id='line_1_5' title="bbox 14 637 1502 698; baseline -0.002 -17"><span class='ocrx_word' id='word_1_26' title='bbox 14 640 132 698; x_wconf 90' lang='lat' dir='ltr'>quod</span> <span class='ocrx_word' id='word_1_27' title='bbox 183 639 308 681; x_wconf 81' lang='lat' dir='ltr'>valde</span> <span class='ocrx_word' id='word_1_28' title='bbox 372 640 602 680; x_wconf 80' lang='lat' dir='ltr'>obscuram</span> <span class='ocrx_word' id='word_1_29' title='bbox 649 637 980 678; x_wconf 84' lang='lat' dir='ltr'>contentionem</span> <span class='ocrx_word' id='word_1_30' title='bbox 1046 637 1238 678; x_wconf 75' lang='lat' dir='ltr'>breviter</span> <span class='ocrx_word' id='word_1_31' title='bbox 1295 638 1502 678; x_wconf 76' lang='lat' dir='ltr'>dirimere</span> 
     </span>
     <span class='ocr_line' id='line_1_6' title="bbox 17 714 1504 774; baseline -0.003 -16"><span class='ocrx_word' id='word_1_32' title='bbox 17 717 233 774; x_wconf 86' lang='lat' dir='ltr'>potuisset</span> <span class='ocrx_word' id='word_1_33' title='bbox 274 717 387 757; x_wconf 86' lang='lat' dir='ltr'>inter</span> <span class='ocrx_word' id='word_1_34' title='bbox 427 716 604 756; x_wconf 73' lang='lat' dir='ltr'>divitem</span> <span class='ocrx_word' id='word_1_35' title='bbox 634 714 859 756; x_wconf 88' lang='lat' dir='ltr'>dominum</span> <span class='ocrx_word' id='word_1_36' title='bbox 898 722 1027 770; x_wconf 86' lang='lat' dir='ltr'>atquc</span> <span class='ocrx_word' id='word_1_37' title='bbox 1069 714 1400 770; x_wconf 82' lang='lat' dir='ltr'>pauperculum,</span> <span class='ocrx_word' id='word_1_38' title='bbox 1436 715 1504 755; x_wconf 83' lang='lat' dir='ltr'>cui</span> 
     </span>
     <span class='ocr_line' id='line_1_7' title="bbox 10 790 1502 851; baseline -0.003 -16"><span class='ocrx_word' id='word_1_39' title='bbox 10 796 83 851; x_wconf 88' lang='lat' dir='ltr'>jus</span> <span class='ocrx_word' id='word_1_40' title='bbox 109 794 210 835; x_wconf 79' lang='lat' dir='ltr'>fecit</span> <span class='ocrx_word' id='word_1_41' title='bbox 238 810 246 834; x_wconf 90' lang='lat'><strong>:</strong></span> <span class='ocrx_word' id='word_1_42' title='bbox 277 812 297 833; x_wconf 91' lang='lat'>«</span> <span class='ocrx_word' id='word_1_43' title='bbox 321 794 428 835; x_wconf 89' lang='lat' dir='ltr'>Cum</span> <span class='ocrx_word' id='word_1_44' title='bbox 447 792 616 848; x_wconf 87' lang='lat' dir='ltr'>justitia</span> <span class='ocrx_word' id='word_1_45' title='bbox 641 791 846 847; x_wconf 78' lang='lat' dir='ltr'>pauperis</span> <span class='ocrx_word' id='word_1_46' title='bbox 871 790 1020 831; x_wconf 88' lang='lat' dir='ltr'>multis</span> <span class='ocrx_word' id='word_1_47' title='bbox 1051 800 1201 847; x_wconf 83' lang='lat' dir='ltr'>posset</span> <span class='ocrx_word' id='word_1_48' title='bbox 1229 791 1502 832; x_wconf 79' lang='lat' dir='ltr'>diverticulis</span> 
     </span>
     <span class='ocr_line' id='line_1_8' title="bbox 16 867 1501 927; baseline -0.003 -16"><span class='ocrx_word' id='word_1_49' title='bbox 16 871 247 927; x_wconf 87' lang='lat' dir='ltr'>prorogari</span> <span class='ocrx_word' id='word_1_50' title='bbox 283 887 322 917; x_wconf 88' lang='lat'>»,</span> <span class='ocrx_word' id='word_1_51' title='bbox 354 869 412 909; x_wconf 90' lang='lat' dir='ltr'>ait</span> <span class='ocrx_word' id='word_1_52' title='bbox 443 867 702 916; x_wconf 68' lang='lat' dir='ltr'>walterius,</span> <span class='ocrx_word' id='word_1_53' title='bbox 739 867 866 907; x_wconf 84' lang='lat' dir='ltr'>nobis</span> <span class='ocrx_word' id='word_1_54' title='bbox 901 867 1142 907; x_wconf 84' lang='lat' dir='ltr'>ostendens</span> <span class='ocrx_word' id='word_1_55' title='bbox 1167 867 1334 924; x_wconf 82' lang='lat' dir='ltr'>jamdiu</span> <span class='ocrx_word' id='word_1_56' title='bbox 1374 884 1501 924; x_wconf 84' lang='lat' dir='ltr'>quam</span> 
     </span>
     <span class='ocr_line' id='line_1_9' title="bbox 14 943 1504 1003; baseline -0.002 -16"><span class='ocrx_word' id='word_1_57' title='bbox 14 946 197 1003; x_wconf 87' lang='lat' dir='ltr'>pulchra</span> <span class='ocrx_word' id='word_1_58' title='bbox 239 946 295 987; x_wconf 88' lang='lat' dir='ltr'>sit</span> <span class='ocrx_word' id='word_1_59' title='bbox 328 945 516 986; x_wconf 86' lang='lat' dir='ltr'>sorensis</span> <span class='ocrx_word' id='word_1_60' title='bbox 556 944 844 991; x_wconf 83' lang='lat' dir='ltr'>concertatio,</span> <span class='ocrx_word' id='word_1_61' title='bbox 890 962 909 982; x_wconf 68' lang='grc' dir='ltr'>(ι</span> <span class='ocrx_word' id='word_1_62' title='bbox 951 943 1066 984; x_wconf 89' lang='lat' dir='ltr'>selici</span> <span class='ocrx_word' id='word_1_63' title='bbox 1101 943 1301 1000; x_wconf 80' lang='lat' dir='ltr'>coelique</span> <span class='ocrx_word' id='word_1_64' title='bbox 1342 944 1504 1001; x_wconf 82' lang='lat' dir='ltr'>jndicio</span> 
     </span>
     <span class='ocr_line' id='line_1_10' title="bbox 13 1020 1502 1078; baseline -0.002 -14"><span class='ocrx_word' id='word_1_65' title='bbox 13 1031 275 1064; x_wconf 87' lang='lat' dir='ltr'>consecutus</span> <span class='ocrx_word' id='word_1_66' title='bbox 303 1038 348 1063; x_wconf 89' lang='lat' dir='ltr'>es</span> <span class='ocrx_word' id='word_1_67' title='bbox 371 1038 481 1062; x_wconf 90' lang='lat' dir='ltr'>eam.</span> <span class='ocrx_word' id='word_1_68' title='bbox 506 1047 564 1052; x_wconf 92' lang='lat'>—</span> <span class='ocrx_word' id='word_1_69' title='bbox 592 1021 722 1062; x_wconf 82' lang='lat' dir='ltr'>Certe</span> <span class='ocrx_word' id='word_1_70' title='bbox 751 1036 831 1060; x_wconf 88' lang='lat' dir='ltr'>nos</span> <span class='ocrx_word' id='word_1_71' title='bbox 860 1021 930 1060; x_wconf 81' lang='lat' dir='ltr'>hic</span> <span class='ocrx_word' id='word_1_72' title='bbox 963 1020 1094 1078; x_wconf 82' lang='lat' dir='ltr'>longe</span> <span class='ocrx_word' id='word_1_73' title='bbox 1130 1020 1323 1061; x_wconf 85' lang='lat' dir='ltr'>velocius</span> <span class='ocrx_word' id='word_1_74' title='bbox 1350 1037 1502 1061; x_wconf 86' lang='lat' dir='ltr'>causas</span> 
     </span>
     <span class='ocr_line' id='line_1_11' title="bbox 13 1097 1505 1156; baseline -0.002 -16"><span class='ocrx_word' id='word_1_75' title='bbox 13 1099 257 1140; x_wconf 86' lang='lat' dir='ltr'>decidimus</span> <span class='ocrx_word' id='word_1_76' title='bbox 301 1114 429 1156; x_wconf 89' lang='lat' dir='ltr'>quam</span> <span class='ocrx_word' id='word_1_77' title='bbox 476 1099 518 1138; x_wconf 90' lang='lat' dir='ltr'>in</span> <span class='ocrx_word' id='word_1_78' title='bbox 565 1097 765 1138; x_wconf 87' lang='lat' dir='ltr'>ecclesiis</span> <span class='ocrx_word' id='word_1_79' title='bbox 795 1097 993 1154; x_wconf 85' lang='lat' dir='ltr'>episcopi</span> <span class='ocrx_word' id='word_1_80' title='bbox 1036 1097 1234 1145; x_wconf 81' lang='lat' dir='ltr'>vestri»,</span> <span class='ocrx_word' id='word_1_81' title='bbox 1274 1098 1505 1154; x_wconf 87' lang='lat' dir='ltr'>respondit</span> 
     </span>
     <span class='ocr_line' id='line_1_12' title="bbox 13 1174 1502 1232; baseline -0.002 -15"><span class='ocrx_word' id='word_1_82' title='bbox 13 1175 288 1232; x_wconf 83' lang='lat' dir='ltr'>Ranulphus.</span> <span class='ocrx_word' id='word_1_83' title='bbox 344 1174 584 1218; x_wconf 73' lang='lat' dir='ltr'>walterius</span> <span class='ocrx_word' id='word_1_84' title='bbox 637 1182 780 1214; x_wconf 87' lang='lat' dir='ltr'>autem</span> <span class='ocrx_word' id='word_1_85' title='bbox 834 1189 920 1214; x_wconf 89' lang='lat' dir='ltr'>non</span> <span class='ocrx_word' id='word_1_86' title='bbox 968 1174 1002 1214; x_wconf 90' lang='lat' dir='ltr'>is</span> <span class='ocrx_word' id='word_1_87' title='bbox 1061 1182 1153 1214; x_wconf 88' lang='lat' dir='ltr'>erat</span> <span class='ocrx_word' id='word_1_88' title='bbox 1200 1175 1274 1231; x_wconf 85' lang='lat' dir='ltr'>qui</span> <span class='ocrx_word' id='word_1_89' title='bbox 1322 1175 1502 1215; x_wconf 78' lang='lat' dir='ltr'>verbum</span> 
     </span>
     <span class='ocr_line' id='line_1_13' title="bbox 14 1250 1505 1310; baseline -0.001 -17"><span class='ocrx_word' id='word_1_90' title='bbox 14 1261 186 1293; x_wconf 90' lang='lat' dir='ltr'>acutum</span> <span class='ocrx_word' id='word_1_91' title='bbox 208 1252 597 1310; x_wconf 78' lang='lat' dir='ltr'>praetermitteret,</span> <span class='ocrx_word' id='word_1_92' title='bbox 629 1259 671 1292; x_wconf 89' lang='lat' dir='ltr'>et</span> <span class='ocrx_word' id='word_1_93' title='bbox 691 1250 862 1292; x_wconf 86' lang='lat' dir='ltr'>addidit</span> <span class='ocrx_word' id='word_1_94' title='bbox 887 1268 895 1292; x_wconf 90' lang='lat'>:</span> <span class='ocrx_word' id='word_1_95' title='bbox 923 1268 944 1290; x_wconf 90' lang='lat'>«</span> <span class='ocrx_word' id='word_1_96' title='bbox 967 1251 1129 1292; x_wconf 84' lang='lat' dir='ltr'>Verum</span> <span class='ocrx_word' id='word_1_97' title='bbox 1152 1259 1233 1296; x_wconf 76' lang='lat' dir='ltr'>est,</span> <span class='ocrx_word' id='word_1_98' title='bbox 1259 1250 1335 1292; x_wconf 85' lang='lat' dir='ltr'>scd</span> <span class='ocrx_word' id='word_1_99' title='bbox 1355 1251 1391 1292; x_wconf 90' lang='lat' dir='ltr'>si</span> <span class='ocrx_word' id='word_1_100' title='bbox 1413 1252 1505 1292; x_wconf 84' lang='lat' dir='ltr'>Rex</span> 
     </span>
     <span class='ocr_line' id='line_1_14' title="bbox 13 1328 1505 1385; baseline -0.001 -15"><span class='ocrx_word' id='word_1_101' title='bbox 13 1338 164 1370; x_wconf 81' lang='lat' dir='ltr'>noster</span> <span class='ocrx_word' id='word_1_102' title='bbox 195 1337 283 1370; x_wconf 88' lang='lat' dir='ltr'>tam</span> <span class='ocrx_word' id='word_1_103' title='bbox 314 1336 509 1369; x_wconf 85' lang='lat' dir='ltr'>remotus</span> <span class='ocrx_word' id='word_1_104' title='bbox 544 1337 660 1369; x_wconf 89' lang='lat' dir='ltr'>esset</span> <span class='ocrx_word' id='word_1_105' title='bbox 698 1343 721 1368; x_wconf 90' lang='lat' dir='ltr'>a</span> <span class='ocrx_word' id='word_1_106' title='bbox 755 1328 879 1369; x_wconf 91' lang='lat' dir='ltr'>vobis</span> <span class='ocrx_word' id='word_1_107' title='bbox 920 1344 1049 1385; x_wconf 89' lang='lat' dir='ltr'>quam</span> <span class='ocrx_word' id='word_1_108' title='bbox 1084 1328 1136 1369; x_wconf 88' lang='lat' dir='ltr'>ab</span> <span class='ocrx_word' id='word_1_109' title='bbox 1183 1328 1404 1385; x_wconf 86' lang='lat' dir='ltr'>episcopis</span> <span class='ocrx_word' id='word_1_110' title='bbox 1440 1337 1505 1369; x_wconf 89' lang='lat' dir='ltr'>est</span> 
     </span>
     <span class='ocr_line' id='line_1_15' title="bbox 11 1404 1503 1463; baseline -0.001 -17"><span class='ocrx_word' id='word_1_111' title='bbox 11 1406 146 1463; x_wconf 88' lang='lat' dir='ltr'>Papa,</span> <span class='ocrx_word' id='word_1_112' title='bbox 179 1421 254 1447; x_wconf 78' lang='lat' dir='ltr'>vos</span> <span class='ocrx_word' id='word_1_113' title='bbox 276 1420 413 1463; x_wconf 81' lang='lat' dir='ltr'>aeque</span> <span class='ocrx_word' id='word_1_114' title='bbox 445 1405 586 1446; x_wconf 91' lang='lat' dir='ltr'>lentos</span> <span class='ocrx_word' id='word_1_115' title='bbox 621 1404 864 1446; x_wconf 86' lang='lat' dir='ltr'>crederem.</span> <span class='ocrx_word' id='word_1_116' title='bbox 892 1422 913 1443; x_wconf 86' lang='grc'>))</span> <span class='ocrx_word' id='word_1_117' title='bbox 951 1405 1031 1446; x_wconf 87' lang='lat' dir='ltr'>Cui</span> <span class='ocrx_word' id='word_1_118' title='bbox 1067 1405 1303 1446; x_wconf 84' lang='lat' dir='ltr'>subridens</span> <span class='ocrx_word' id='word_1_119' title='bbox 1334 1404 1503 1446; x_wconf 86' lang='lat' dir='ltr'>Ranul-</span> 
     </span>
     <span class='ocr_line' id='line_1_16' title="bbox 11 1482 1502 1540; baseline -0.001 -16"><span class='ocrx_word' id='word_1_120' title='bbox 11 1482 125 1540; x_wconf 89' lang='lat' dir='ltr'>phus</span> <span class='ocrx_word' id='word_1_121' title='bbox 165 1482 368 1540; x_wconf 85' lang='lat' dir='ltr'>probavit</span> <span class='ocrx_word' id='word_1_122' title='bbox 403 1497 665 1539; x_wconf 88' lang='lat' dir='ltr'>responsum</span> <span class='ocrx_word' id='word_1_123' title='bbox 688 1482 716 1522; x_wconf 69' lang='lat'>².</span> <span class='ocrx_word' id='word_1_124' title='bbox 758 1482 1014 1523; x_wconf 88' lang='lat' dir='ltr'>Strictiores</span> <span class='ocrx_word' id='word_1_125' title='bbox 1060 1498 1197 1524; x_wconf 84' lang='lat' dir='ltr'>nexus</span> <span class='ocrx_word' id='word_1_126' title='bbox 1238 1482 1502 1526; x_wconf 79' lang='lat' dir='ltr'>walterium</span> 
     </span>
     <span class='ocr_line' id='line_1_17' title="bbox 10 1558 1502 1617; baseline -0.001 -17"><span class='ocrx_word' id='word_1_127' title='bbox 10 1559 236 1616; x_wconf 88' lang='lat' dir='ltr'>Mappium</span> <span class='ocrx_word' id='word_1_128' title='bbox 266 1567 308 1601; x_wconf 90' lang='lat' dir='ltr'>et</span> <span class='ocrx_word' id='word_1_129' title='bbox 341 1559 590 1601; x_wconf 89' lang='lat' dir='ltr'>Gilbertum</span> <span class='ocrx_word' id='word_1_130' title='bbox 629 1558 775 1600; x_wconf 90' lang='lat' dir='ltr'>Foliot</span> <span class='ocrx_word' id='word_1_131' title='bbox 822 1560 1023 1601; x_wconf 88' lang='lat' dir='ltr'>unibant.</span> <span class='ocrx_word' id='word_1_132' title='bbox 1069 1560 1266 1617; x_wconf 85' lang='lat' dir='ltr'>Namque</span> <span class='ocrx_word' id='word_1_133' title='bbox 1309 1560 1345 1600; x_wconf 86' lang='lat' dir='ltr'>si</span> <span class='ocrx_word' id='word_1_134' title='bbox 1386 1559 1502 1599; x_wconf 88' lang='lat' dir='ltr'>inter</span> 
     </span>
     <span class='ocr_line' id='line_1_18' title="bbox 9 1635 1500 1693; baseline -0.001 -15"><span class='ocrx_word' id='word_1_135' title='bbox 9 1636 272 1678; x_wconf 53' lang='lat' dir='ltr'>U&#39;alterium</span> <span class='ocrx_word' id='word_1_136' title='bbox 319 1645 362 1677; x_wconf 89' lang='lat' dir='ltr'>et</span> <span class='ocrx_word' id='word_1_137' title='bbox 409 1635 692 1693; x_wconf 87' lang='lat' dir='ltr'>Ranulphum</span> <span class='ocrx_word' id='word_1_138' title='bbox 743 1636 925 1677; x_wconf 86' lang='lat' dir='ltr'>aderant</span> <span class='ocrx_word' id='word_1_139' title='bbox 974 1637 1281 1678; x_wconf 85' lang='lat' dir='ltr'>tantummodo</span> <span class='ocrx_word' id='word_1_140' title='bbox 1329 1636 1500 1677; x_wconf 78' lang='lat' dir='ltr'>vincula</span> 
     </span>
     <span class='ocr_line' id='line_1_19' title="bbox 9 1713 1500 1770; baseline 0 -16"><span class='ocrx_word' id='word_1_141' title='bbox 9 1729 120 1770; x_wconf 90' lang='lat' dir='ltr'>quae</span> <span class='ocrx_word' id='word_1_142' title='bbox 142 1729 195 1754; x_wconf 83' lang='lat' dir='ltr'>ex</span> <span class='ocrx_word' id='word_1_143' title='bbox 215 1713 396 1770; x_wconf 85' lang='lat' dir='ltr'>paribus</span> <span class='ocrx_word' id='word_1_144' title='bbox 425 1713 628 1754; x_wconf 87' lang='lat' dir='ltr'>oriuntur</span> <span class='ocrx_word' id='word_1_145' title='bbox 656 1713 898 1763; x_wconf 82' lang='lat' dir='ltr'>laboribus,</span> <span class='ocrx_word' id='word_1_146' title='bbox 933 1713 1057 1755; x_wconf 80' lang='lat' dir='ltr'>firma</span> <span class='ocrx_word' id='word_1_147' title='bbox 1088 1714 1279 1755; x_wconf 87' lang='lat' dir='ltr'>amicitia</span> <span class='ocrx_word' id='word_1_148' title='bbox 1312 1729 1500 1770; x_wconf 82' lang='lat' dir='ltr'>veraque</span> 
     </span>
     <span class='ocr_line' id='line_1_20' title="bbox 9 1789 1500 1849; baseline 0.001 -18"><span class='ocrx_word' id='word_1_149' title='bbox 9 1790 221 1832; x_wconf 89' lang='lat' dir='ltr'>mentium</span> <span class='ocrx_word' id='word_1_150' title='bbox 261 1789 548 1831; x_wconf 85' lang='lat' dir='ltr'>conformitas</span> <span class='ocrx_word' id='word_1_151' title='bbox 586 1799 810 1831; x_wconf 82' lang='lat' dir='ltr'>auctorem</span> <span class='ocrx_word' id='word_1_152' title='bbox 844 1790 947 1831; x_wconf 89' lang='lat' dir='ltr'>libri</span> <span class='ocrx_word' id='word_1_153' title='bbox 987 1793 1044 1832; x_wconf 82' lang='lat' dir='ltr'>De</span> <span class='ocrx_word' id='word_1_154' title='bbox 1082 1792 1224 1849; x_wconf 76' lang='lat' dir='ltr'>Nugis</span> <span class='ocrx_word' id='word_1_155' title='bbox 1259 1800 1301 1833; x_wconf 88' lang='lat' dir='ltr'>et</span> <span class='ocrx_word' id='word_1_156' title='bbox 1335 1791 1500 1833; x_wconf 90' lang='lat' dir='ltr'>Londi-</span> 
     </span>
     <span class='ocr_line' id='line_1_21' title="bbox 9 1867 1211 1924; baseline 0.001 -16"><span class='ocrx_word' id='word_1_157' title='bbox 9 1867 209 1908; x_wconf 89' lang='lat' dir='ltr'>niensem</span> <span class='ocrx_word' id='word_1_158' title='bbox 233 1867 489 1924; x_wconf 89' lang='lat' dir='ltr'>episcopum</span> <span class='ocrx_word' id='word_1_159' title='bbox 511 1867 554 1907; x_wconf 89' lang='lat' dir='ltr'>in</span> <span class='ocrx_word' id='word_1_160' title='bbox 582 1883 717 1907; x_wconf 89' lang='lat' dir='ltr'>unum</span> <span class='ocrx_word' id='word_1_161' title='bbox 740 1867 975 1909; x_wconf 86' lang='lat' dir='ltr'>trahebant</span> <span class='ocrx_word' id='word_1_162' title='bbox 1002 1869 1211 1909; x_wconf 88' lang='lat' dir='ltr'>animum.</span> 
     </span>
    </p>

    <p class='ocr_par' dir='ltr' id='par_1_4' title="bbox 3 1943 1502 2541">
     <span class='ocr_line' id='line_1_22' title="bbox 66 1943 1502 2001; baseline 0.001 -16"><span class='ocrx_word' id='word_1_163' title='bbox 66 1944 190 1985; x_wconf 89' lang='lat' dir='ltr'>Alter</span> <span class='ocrx_word' id='word_1_164' title='bbox 223 1943 407 1985; x_wconf 88' lang='lat' dir='ltr'>alterum</span> <span class='ocrx_word' id='word_1_165' title='bbox 446 1944 593 2001; x_wconf 83' lang='lat' dir='ltr'>magni</span> <span class='ocrx_word' id='word_1_166' title='bbox 626 1943 830 1985; x_wconf 85' lang='lat' dir='ltr'>faciebat.</span> <span class='ocrx_word' id='word_1_167' title='bbox 863 1962 884 1983; x_wconf 86' lang='lat'>«</span> <span class='ocrx_word' id='word_1_168' title='bbox 920 1946 1029 1986; x_wconf 89' lang='lat' dir='ltr'>Cum</span> <span class='ocrx_word' id='word_1_169' title='bbox 1067 1961 1118 1987; x_wconf 88' lang='lat' dir='ltr'>eo</span> <span class='ocrx_word' id='word_1_170' title='bbox 1154 1946 1363 1987; x_wconf 87' lang='lat' dir='ltr'>societate</span> <span class='ocrx_word' id='word_1_171' title='bbox 1400 1962 1502 1987; x_wconf 88' lang='lat' dir='ltr'>con-</span> 
     </span>
     <span class='ocr_line' id='line_1_23' title="bbox 3 2020 1502 2080; baseline 0.002 -18"><span class='ocrx_word' id='word_1_172' title='bbox 3 2022 183 2077; x_wconf 79' lang='lat' dir='ltr'>Junetus</span> <span class='ocrx_word' id='word_1_173' title='bbox 218 2020 300 2062; x_wconf 85' lang='lat' dir='ltr'>fuit</span> <span class='ocrx_word' id='word_1_174' title='bbox 328 2038 368 2071; x_wconf 89' lang='lat'>»,</span> <span class='ocrx_word' id='word_1_175' title='bbox 399 2021 647 2077; x_wconf 88' lang='lat' dir='ltr'>accepimus</span> <span class='ocrx_word' id='word_1_176' title='bbox 679 2021 724 2061; x_wconf 89' lang='lat' dir='ltr'>in</span> <span class='ocrx_word' id='word_1_177' title='bbox 750 2021 865 2062; x_wconf 76' lang='lat' dir='ltr'>vitae</span> <span class='ocrx_word' id='word_1_178' title='bbox 893 2023 1178 2063; x_wconf 84' lang='lat' dir='ltr'>narratione³</span> <span class='ocrx_word' id='word_1_179' title='bbox 1200 2024 1253 2064; x_wconf 87' lang='lat' dir='ltr'>ab</span> <span class='ocrx_word' id='word_1_180' title='bbox 1286 2024 1382 2080; x_wconf 91' lang='lat' dir='ltr'>ipso</span> <span class='ocrx_word' id='word_1_181' title='bbox 1406 2023 1502 2064; x_wconf 89' lang='lat' dir='ltr'>Gil-</span> 
     </span>
     <span class='ocr_line' id='line_1_24' title="bbox 8 2097 1499 2157; baseline 0.001 -18"><span class='ocrx_word' id='word_1_182' title='bbox 8 2098 151 2149; x_wconf 89' lang='lat' dir='ltr'>berto,</span> <span class='ocrx_word' id='word_1_183' title='bbox 178 2115 199 2137; x_wconf 88' lang='lat'>«</span> <span class='ocrx_word' id='word_1_184' title='bbox 226 2106 269 2139; x_wconf 90' lang='lat' dir='ltr'>et</span> <span class='ocrx_word' id='word_1_185' title='bbox 296 2097 487 2138; x_wconf 85' lang='lat' dir='ltr'>laudavit</span> <span class='ocrx_word' id='word_1_186' title='bbox 509 2113 608 2138; x_wconf 90' lang='lat' dir='ltr'>eum</span> <span class='ocrx_word' id='word_1_187' title='bbox 639 2097 772 2139; x_wconf 89' lang='lat' dir='ltr'>trium</span> <span class='ocrx_word' id='word_1_188' title='bbox 802 2098 1120 2155; x_wconf 84' lang='lat' dir='ltr'>peritissimum</span> <span class='ocrx_word' id='word_1_189' title='bbox 1152 2099 1420 2157; x_wconf 82' lang='lat' dir='ltr'>linguarum,</span> <span class='ocrx_word' id='word_1_190' title='bbox 1456 2101 1499 2141; x_wconf 92' lang='lat' dir='ltr'>in</span> 
     </span>
     <span class='ocr_line' id='line_1_25' title="bbox 7 2174 1501 2234; baseline 0.002 -19"><span class='ocrx_word' id='word_1_191' title='bbox 7 2183 151 2216; x_wconf 88' lang='lat' dir='ltr'>vetere</span> <span class='ocrx_word' id='word_1_192' title='bbox 188 2183 232 2215; x_wconf 91' lang='lat' dir='ltr'>et</span> <span class='ocrx_word' id='word_1_193' title='bbox 267 2190 376 2215; x_wconf 80' lang='lat' dir='ltr'>nova</span> <span class='ocrx_word' id='word_1_194' title='bbox 416 2174 512 2232; x_wconf 83' lang='lat' dir='ltr'>lege</span> <span class='ocrx_word' id='word_1_195' title='bbox 558 2183 793 2223; x_wconf 78' lang='lat' dir='ltr'>versatum,</span> <span class='ocrx_word' id='word_1_196' title='bbox 838 2191 1007 2217; x_wconf 89' lang='lat' dir='ltr'>morum</span> <span class='ocrx_word' id='word_1_197' title='bbox 1043 2185 1085 2217; x_wconf 89' lang='lat' dir='ltr'>et</span> <span class='ocrx_word' id='word_1_198' title='bbox 1121 2178 1365 2234; x_wconf 88' lang='lat' dir='ltr'>sapientiae</span> <span class='ocrx_word' id='word_1_199' title='bbox 1407 2178 1501 2218; x_wconf 86' lang='lat' dir='ltr'>the-</span> 
     </span>
     <span class='ocr_line' id='line_1_26' title="bbox 8 2251 1502 2311; baseline 0.002 -19"><span class='ocrx_word' id='word_1_200' title='bbox 8 2267 203 2302; x_wconf 88' lang='lat' dir='ltr'>saurum,</span> <span class='ocrx_word' id='word_1_201' title='bbox 246 2251 357 2307; x_wconf 82' lang='lat' dir='ltr'>stylo</span> <span class='ocrx_word' id='word_1_202' title='bbox 410 2251 722 2308; x_wconf 89' lang='lat' dir='ltr'>limpidissimo</span> <span class='ocrx_word' id='word_1_203' title='bbox 768 2252 1034 2293; x_wconf 88' lang='lat' dir='ltr'>lucidum».</span> <span class='ocrx_word' id='word_1_204' title='bbox 1079 2254 1175 2295; x_wconf 85' lang='lat' dir='ltr'>Non</span> <span class='ocrx_word' id='word_1_205' title='bbox 1217 2270 1262 2295; x_wconf 88' lang='lat' dir='ltr'>se</span> <span class='ocrx_word' id='word_1_206' title='bbox 1302 2255 1502 2311; x_wconf 88' lang='lat' dir='ltr'>superari</span> 
     </span>
     <span class='ocr_line' id='line_1_27' title="bbox 8 2327 1500 2373; baseline 0.002 -5"><span class='ocrx_word' id='word_1_207' title='bbox 8 2328 114 2369; x_wconf 89' lang='lat' dir='ltr'>sinit</span> <span class='ocrx_word' id='word_1_208' title='bbox 154 2327 394 2371; x_wconf 55' lang='lat' dir='ltr'>NValterius</span> <span class='ocrx_word' id='word_1_209' title='bbox 440 2329 691 2370; x_wconf 88' lang='lat' dir='ltr'>urbanitate</span> <span class='ocrx_word' id='word_1_210' title='bbox 736 2338 779 2370; x_wconf 90' lang='lat' dir='ltr'>et</span> <span class='ocrx_word' id='word_1_211' title='bbox 824 2329 1077 2371; x_wconf 83' lang='lat' dir='ltr'>laudatione</span> <span class='ocrx_word' id='word_1_212' title='bbox 1125 2348 1132 2371; x_wconf 92' lang='lat'>:</span> <span class='ocrx_word' id='word_1_213' title='bbox 1174 2348 1195 2370; x_wconf 88' lang='lat'>«</span> <span class='ocrx_word' id='word_1_214' title='bbox 1243 2332 1321 2373; x_wconf 80' lang='lat' dir='ltr'>Vir</span> <span class='ocrx_word' id='word_1_215' title='bbox 1366 2332 1500 2373; x_wconf 89' lang='lat' dir='ltr'>trium</span> 
     </span>
     <span class='ocr_line' id='line_1_28' title="bbox 7 2405 1501 2466; baseline 0.003 -21"><span class='ocrx_word' id='word_1_216' title='bbox 7 2405 303 2462; x_wconf 89' lang='lat' dir='ltr'>peritissimus</span> <span class='ocrx_word' id='word_1_217' title='bbox 326 2405 594 2464; x_wconf 82' lang='lat' dir='ltr'>linguarum,</span> <span class='ocrx_word' id='word_1_218' title='bbox 618 2406 813 2458; x_wconf 79' lang='lat' dir='ltr'>Latinae,</span> <span class='ocrx_word' id='word_1_219' title='bbox 840 2407 1051 2457; x_wconf 89' lang='lat' dir='ltr'>Gallicae,</span> <span class='ocrx_word' id='word_1_220' title='bbox 1085 2408 1321 2466; x_wconf 87' lang='lat' dir='ltr'>Anglicae.</span> <span class='ocrx_word' id='word_1_221' title='bbox 1357 2427 1377 2447; x_wconf 89' lang='lat'>»</span> <span class='ocrx_word' id='word_1_222' title='bbox 1405 2409 1501 2450; x_wconf 91' lang='lat' dir='ltr'>Gil-</span> 
     </span>
     <span class='ocr_line' id='line_1_29' title="bbox 7 2481 1500 2541; baseline 0.003 -19"><span class='ocrx_word' id='word_1_223' title='bbox 7 2481 157 2523; x_wconf 89' lang='lat' dir='ltr'>bertus</span> <span class='ocrx_word' id='word_1_224' title='bbox 187 2481 348 2532; x_wconf 86' lang='lat' dir='ltr'>Foli0t‚</span> <span class='ocrx_word' id='word_1_225' title='bbox 391 2482 550 2540; x_wconf 89' lang='lat' dir='ltr'>inquit,</span> <span class='ocrx_word' id='word_1_226' title='bbox 587 2491 680 2524; x_wconf 87' lang='lat' dir='ltr'>crat</span> <span class='ocrx_word' id='word_1_227' title='bbox 719 2484 902 2541; x_wconf 90' lang='lat' dir='ltr'>insuper</span> <span class='ocrx_word' id='word_1_228' title='bbox 944 2502 964 2523; x_wconf 87' lang='lat'>«</span> <span class='ocrx_word' id='word_1_229' title='bbox 1003 2484 1278 2526; x_wconf 87' lang='lat' dir='ltr'>lucidissime</span> <span class='ocrx_word' id='word_1_230' title='bbox 1306 2485 1500 2527; x_wconf 87' lang='lat' dir='ltr'>disertus</span> 
     </span>
    </p>
   </div>
   <div class='ocr_carea' id='block_1_3' title="bbox 7 2558 1499 2616">
    <p class='ocr_par' dir='ltr' id='par_1_5' title="bbox 7 2558 1499 2616">
     <span class='ocr_line' id='line_1_30' title="bbox 7 2558 1499 2616; baseline 0.003 -17"><span class='ocrx_word' id='word_1_231' title='bbox 7 2558 50 2599; x_wconf 91' lang='lat' dir='ltr'>in</span> <span class='ocrx_word' id='word_1_232' title='bbox 74 2558 289 2616; x_wconf 73' lang='lat' dir='ltr'>singulis‘</span> <span class='ocrx_word' id='word_1_233' title='bbox 313 2577 352 2600; x_wconf 76' lang='lat' dir='ltr'>n.</span> <span class='ocrx_word' id='word_1_234' title='bbox 378 2560 427 2600; x_wconf 90' lang='lat' dir='ltr'>In</span> <span class='ocrx_word' id='word_1_235' title='bbox 452 2560 658 2601; x_wconf 88' lang='lat' dir='ltr'>omnibus</span> <span class='ocrx_word' id='word_1_236' title='bbox 680 2561 796 2601; x_wconf 89' lang='lat' dir='ltr'>enim</span> <span class='ocrx_word' id='word_1_237' title='bbox 826 2562 1103 2603; x_wconf 87' lang='lat' dir='ltr'>concatenati</span> <span class='ocrx_word' id='word_1_238' title='bbox 1125 2561 1222 2611; x_wconf 91' lang='lat' dir='ltr'>viri,</span> <span class='ocrx_word' id='word_1_239' title='bbox 1249 2562 1340 2603; x_wconf 88' lang='lat' dir='ltr'>sola</span> <span class='ocrx_word' id='word_1_240' title='bbox 1360 2571 1499 2604; x_wconf 88' lang='lat' dir='ltr'>aetate</span> 
     </span>
    </p>
   </div>
   <div class='ocr_carea' id='block_1_4' title="bbox 48 2731 454 2915">
    <p class='ocr_par' dir='ltr' id='par_1_6' title="bbox 50 2731 388 2774">
     <span class='ocr_line' id='line_1_31' title="bbox 50 2731 388 2774; baseline 0.009 -14"><span class='ocrx_word' id='word_1_241' title='bbox 50 2731 78 2762; x_wconf 86' lang='grc'>1.</span> <span class='ocrx_word' id='word_1_242' title='bbox 99 2733 145 2762; x_wconf 85' lang='lat' dir='ltr'>De</span> <span class='ocrx_word' id='word_1_243' title='bbox 166 2731 283 2774; x_wconf 79' lang='lat' dir='ltr'>Nugt&#39;s,</span> <span class='ocrx_word' id='word_1_244' title='bbox 302 2743 338 2773; x_wconf 92' lang='lat' dir='ltr'>p.</span> <span class='ocrx_word' id='word_1_245' title='bbox 357 2734 388 2763; x_wconf 89' lang='grc'>8.</span> 
     </span>
    </p>

    <p class='ocr_par' dir='ltr' id='par_1_7' title="bbox 48 2779 454 2915">
     <span class='ocr_line' id='line_1_32' title="bbox 48 2779 432 2821; baseline 0.008 -13"><span class='ocrx_word' id='word_1_246' title='bbox 48 2779 78 2808; x_wconf 80' lang='lat'>2.</span> <span class='ocrx_word' id='word_1_247' title='bbox 102 2781 149 2809; x_wconf 82' lang='lat' dir='ltr'>De</span> <span class='ocrx_word' id='word_1_248' title='bbox 163 2780 282 2821; x_wconf 76' lang='lat' dir='ltr'>Nugis,</span> <span class='ocrx_word' id='word_1_249' title='bbox 302 2790 336 2820; x_wconf 91' lang='lat' dir='ltr'>p.</span> <span class='ocrx_word' id='word_1_250' title='bbox 362 2780 432 2812; x_wconf 80' lang='lat'>241.</span> 
     </span>
     <span class='ocr_line' id='line_1_33' title="bbox 48 2826 454 2866; baseline 0.002 -10"><span class='ocrx_word' id='word_1_251' title='bbox 48 2826 79 2857; x_wconf 88' lang='grc'>3.</span> <span class='ocrx_word' id='word_1_252' title='bbox 99 2826 138 2857; x_wconf 91' lang='lat' dir='ltr'>D.</span> <span class='ocrx_word' id='word_1_253' title='bbox 163 2837 207 2866; x_wconf 86' lang='lat' dir='ltr'>e.‚</span> <span class='ocrx_word' id='word_1_254' title='bbox 226 2827 277 2866; x_wconf 86' lang='lat'>12,</span> <span class='ocrx_word' id='word_1_255' title='bbox 298 2827 354 2864; x_wconf 82' lang='lat' dir='ltr'>lv,</span> <span class='ocrx_word' id='word_1_256' title='bbox 376 2837 405 2858; x_wconf 90' lang='lat' dir='ltr'>c.</span> <span class='ocrx_word' id='word_1_257' title='bbox 425 2830 454 2857; x_wconf 87' lang='lat'>5.</span> 
     </span>
     <span class='ocr_line' id='line_1_34' title="bbox 49 2873 416 2915; baseline 0.003 -12"><span class='ocrx_word' id='word_1_258' title='bbox 49 2873 80 2904; x_wconf 77' lang='lat'>4.</span> <span class='ocrx_word' id='word_1_259' title='bbox 102 2875 148 2904; x_wconf 86' lang='lat' dir='ltr'>De</span> <span class='ocrx_word' id='word_1_260' title='bbox 168 2875 285 2915; x_wconf 57' lang='lat' dir='ltr'>Nugas,</span> <span class='ocrx_word' id='word_1_261' title='bbox 307 2885 341 2915; x_wconf 91' lang='lat' dir='ltr'>p.</span> <span class='ocrx_word' id='word_1_262' title='bbox 366 2875 416 2905; x_wconf 85' lang='lat'>20.</span> 
     </span>
    </p>
   </div>
  </div>
 </body>
</html>
