1842 3288
218 324 256 353 38
711 328 760 353 1)ss
793 328 1018 353 WALTEnio
1054 329 1208 353 §merlo

218 414 373 454 iterum
416 413 588 453 edebat.
622 412 801 452 Parisiis
837 412 988 470 igitur,
1013 429 1126 461 011111,
1161 428 1274 453 anno
1312 411 1438 459 1154,
1464 412 1703 455 walterius

217 492 419 546 Mappius
445 491 671 546 Sequanae
695 489 813 545 ripas
846 489 1031 545 appulit,
1059 490 1250 530 auctoris
1284 489 1423 529 libelli
1455 490 1524 529 eui
1548 489 1703 529 titulus

219 569 289 606 Μ’(-
329 577 366 607 e!
400 568 522 608 Xon¹
567 566 773 606 memoria
823 565 1111 607 admiratione
1162 576 1202 607 et
1246 566 1483 607 voluntatis
1527 566 1703 606 inclina-

218 643 460 699 tioneapud
480 643 640 684 multos
657 643 846 701 vigebat.
861 644 957 684 Non
974 644 1136 684 audivit
1153 643 1420 684 Abelardum
1440 643 1698 691 NVasterius,

218 720 293 759 sed
323 722 414 775 ejus
444 720 640 760 doctrina
668 720 861 760 imbutus
890 729 970 769 est,
998 736 1077 761 nee
1100 721 1250 768 semel,
1279 721 1320 760 in
1345 719 1457 760 libro
1477 720 1540 760 De
1560 719 1702 776 AVagis·

218 797 551 837 admirationem
602 812 720 836 suam
760 805 960 838 testatur.
1007 798 1093 845 Sic,
1139 813 1384 838 sermonem
1433 797 1600 837 habens
1647 796 1700 837 de

217 874 412 930 Epistola
439 874 587 914 Sancti
613 873 828 914 Bel-nardi
851 874 903 914 ad
927 876 1087 931 Papam
1114 874 1418 915 Innocentium
1441 873 1699 921 secundum,

216 950 412 1006 loquitur
453 969 471 989 «
516 951 568 991 de
617 951 828 1009 magistro
864 952 1012 1002 Petro,
1045 952 1244 1008 principe
1276 951 1587 998 Nominalium,
1627 951 1700 1007 qui

216 1027 314 1084 plus
338 1028 531 1083 peccavit
559 1027 603 1067 in
632 1027 860 1068 dialectiea
892 1044 1020 1085 quam
1056 1029 1099 1068 in
1135 1029 1279 1069 divina
1312 1029 1487 1085 pagina,
1524 1044 1622 1068 nam
1658 1029 1701 1068 in

216 1104 296 1144 hae
319 1120 415 1144 eum
443 1105 573 1145 corde
597 1121 674 1145 5110
703 1105 929 1155 disseruit,
958 1106 1000 1146 in
1024 1105 1095 1146 illa
1119 1114 1269 1146 eontra
1299 1121 1374 1146 eor
1401 1105 1629 1154 laboravit,
1661 1113 1703 1146 et

218 1181 377 1221 multos
419 1182 460 1221 111
515 1181 688 1222 eosdem
739 1182 912 1222 labores
960 1182 1131 1223 induxit
1152 1184 1164 1203 ²
1207 1200 1245 1222 ».
1290 1184 1337 1222 111
1386 1182 1539 1223 eodem
1587 1181 1699 1231 loco,

215 1267 394 1298 vocatur
451 1260 504 1299 ab
557 1274 607 1299 00
654 1259 902 1299 Α1)01111·(1115
951 1277 971 1297 «
1020 1261 1169 1300 Bonus
1216 1260 1428 1318 Magister
1478 1277 1518 1299 >›.
1579 1259 1699 1300 Alibi

218 1334 435 1394 depingit,
493 1336 671 1376 minime
720 1336 882 1393 frigido
931 1336 1061 1392 stylo,
1106 1352 1238 1376 unum
1287 1352 1307 1375 e
1359 1336 1701 1376 devinctissimis

200 1404 435 1452 ‘Abelardo
458 1412 705 1469 discipulis,
731 1412 973 1453 Arnaldum
998 1413 1291 1464 Brixiensem,
1311 1413 1385 1470 qui
1407 1413 1487 1453 suit
1505 1430 1525 1452 ((
1550 1428 1702 1453 secun-

219 1488 320 1528 dum
362 1489 591 1545 sanguinis
626 1489 904 1530 altitudinem
946 1490 1108 1530 nobilis
1143 1499 1185 1530 et
1222 1505 1422 1548 magnus,
1460 1489 1700 1530 secundum

219 1565 386 1606 litteras
428 1566 657 1615 maximus,
690 1566 930 1606 seeundum
960 1566 1220 1623 religionem
1256 1566 1440 1623 primus,
1477 1566 1589 1607 nihil
1618 1566 1701 1606 sibi

216 1642 355 1682 vietus
386 1651 459 1683 aut
485 1641 618 1683 vestis
654 1642 908 1700 indulgens,
954 1643 1040 1683 nisi
1073 1643 1191 1699 quod
1231 1643 1475 1684 arctissima
1517 1643 1702 1701 cogebat

215 1719 473 1760 necessitas.
503 1737 523 1758 »

274 1797 513 1853 Postquam
583 1796 803 1837 Arnaldus
876 1797 1121 1838 Brixiensis
1178 1797 1421 1839 arctissime
1479 1796 1702 1838 Abelardo

216 1873 414 1913 adhaesit
435 1882 475 1913 et
497 1874 612 1914 vices
630 1875 723 1929 ejus
740 1874 854 1930 apud
872 1874 1068 1914 scholam
1086 1874 1282 1930 implevit
1304 1875 1347 1914 in
1365 1874 1475 1915 colle
1496 1875 1701 1916 Sanctae-

218 1950 481 1998 Genovesae,
504 1959 736 2007 postquam
753 1951 965 2008 Magister
988 1951 1133 1991 denuo
1154 1960 1195 1992 et
1218 1967 1470 2008 supremum
1492 1950 1704 1992 valedixit

216 2026 438 2076 Parisiis³,
476 2026 699 2067 Arnaldus
728 2028 858 2067 urbes
895 2036 937 2067 et
965 2043 1063 2068 rura
1099 2028 1384 2084 perlustravit
1418 2027 1696 2085 praedicans,

216 2111 273 2153 et,
305 2112 351 2143 ut
373 2104 431 2144 ait
452 2103 708 2153 XValterius,
737 2122 756 2143 «
783 2120 999 2161 quaerens
1023 2121 1110 2145 non
1129 2120 1239 2162 quae
1263 2121 1354 2154 sua,
1382 2105 1457 2146 sed
1480 2120 1590 2161 quae
1619 2104 1700 2145 Dei

218 2188 335 2228 sunt⁷
365 2189 406 2220 et
441 2180 578 2220 faetus
611 2189 676 2221 est
705 2181 910 2221 omnibus
939 2181 1138 2222 amabilis
1167 2191 1209 2222 et
1236 2181 1508 2222 admirabilis
1534 2199 1572 2222 )).
1609 2183 1699 2222 Hoc

216 2256 346 2297 modo
399 2256 659 2313 praedicans
710 2274 806 2298 011111
862 2259 1044 2299 Romam
1088 2260 1382 2315 pervenisset,
1432 2259 1476 2299 in
1536 2259 1700 2299 curiam

216 2334 511 2390 pontificalem
550 2334 777 2391 ingressus
807 2343 887 2382 est,
925 2344 967 2375 et
997 2353 1015 2373 ((
1054 2335 1161 2375 vidit
1197 2351 1367 2375 mensas
1402 2335 1700 2376 Cardinalium

217 2411 328 2450 vasis
352 2411 495 2451 aureis
525 2420 566 2451 et
594 2412 813 2469 argenteis
854 2421 1032 2452 onustas
1056 2430 1096 2453 )).
1130 2413 1257 2464 Quod
1286 2412 1582 2469 spectaculum
1605 2428 1701 2452 cum

216 2503 346 2546 aegre
368 2487 502 2528 ferret
524 2489 588 2528 vir
612 2487 821 2528 maximae
847 2488 963 2537 fidei,
990 2505 1068 2546 per
1102 2489 1218 2529 vicos
1250 2498 1291 2529 et
1320 2490 1511 2546 compita
1543 2504 1700 2548 magna

216 2563 279 2604 ira
326 2565 522 2605 invectus
570 2573 633 2605 est
681 2565 724 2604 in
775 2581 848 2605 eos
895 2565 969 2622 qui
1014 2574 1213 2606 votorum
1257 2565 1474 2607 sacerdoti
1519 2566 1704 2606 maxime

217 2641 565 2682 necessariorum
619 2641 833 2699 religione
881 2642 1001 2682 nullo
1047 2642 1174 2683 modo
1221 2643 1614 2702 obstringebantur
1662 2651 1704 2683 et

259 2785 286 2814 1.
307 2785 421 2823 Poole,
445 2798 496 2826 op.
524 2786 593 2823 cit„
618 2796 653 2825 p.
676 2787 746 2815 205.
762 2804 802 2808 —
820 2786 992 2822 Haurdau,
1011 2787 1094 2816 llist.
1113 2786 1272 2816 scholast.
1287 2786 1421 2828 proed„
1447 2787 1472 2824 Ι,
1491 2797 1526 2827 p.
1547 2787 1619 2817 492.

257 2833 286 2862 2.
308 2835 354 2861 De
375 2835 490 2874 Nugisy
513 2844 548 2873 p.
566 2834 616 2864 41.

257 2882 286 2909 3.
305 2880 387 2910 Iliss.
414 2880 637 2920 l’onlificalis,
657 2881 769 2915 XXXI,
795 2891 828 2920 p.
853 2882 922 2912 537.
942 2899 981 2903 —-
1005 2881 1117 2917 Poole,
1141 2894 1193 2922 ομ,
1216 2881 1287 2919 cit„
1308 2892 1341 2921 p.
1363 2882 1434 2911 162.
