1873 3329
401 359 450 383 DE
486 358 649 383 uOMiNss
683 358 732 383 Ac
770 358 818 383 DE
855 358 1018 382 wulurs
1054 357 1349 383 cocrrxrioxis
1579 353 1614 381 ³7

128 445 201 502 qui
242 453 282 483 et
322 444 507 499 originis
544 459 644 483 suae
679 443 715 483 vi
758 451 798 482 ct
843 443 1016 483 traditis
1054 443 1247 482 moribus
1291 444 1395 483 baro
1435 442 1616 483 feodalis

127 529 282 569 exstet,
321 536 404 560 non
442 528 584 559 tanwn
620 528 704 559 tam
743 518 997 575 aequalibus
1035 519 1123 559 suis
1163 519 1318 560 similis
1351 528 1415 559 est
1453 527 1494 558 nt
1530 535 1613 559 non

129 596 347 653 intelligat
371 606 549 636 naturae
567 612 667 637 suae
692 596 899 651 impetum
921 595 1089 635 ratione
1108 595 1295 651 quadam
1322 596 1615 636 coercendum

129 690 224 714 esse
253 682 382 729 atque
417 673 710 713 retinendum.
738 674 882 723 Quam=
911 681 1060 728 aperte
1095 672 1285 712 declarat
1318 689 1495 712 neeesse
1525 689 1619 712 (esse

131 752 391 808 potestatem
417 749 645 806 quamdam
672 749 874 794 existere,
902 748 953 788 ad
977 765 1105 805 quam
1130 749 1375 789 1·‹⁷=s01·aniur
1397 750 1557 790 omnia.

192 827 317 868 Dicat
345 827 502 883 aliquis
532 825 760 884 religionis
782 825 1013 880 vestigium
1039 825 1080 865 id
1110 841 1205 866 esse
1228 835 1270 866 et
1297 827 1487 882 pastoris
1512 827 1618 866 indi-

130 905 243 945 cium
268 904 483 944 servantis
513 903 713 943 homines
737 917 845 959 quos
869 903 993 958 quasi
1017 903 1059 942 in
1082 902 1242 943 tutela¹
1267 903 1398 943 habet
1430 920 1437 942 :
1466 919 1550 943 non
1577 904 1617 943 in

130 980 397 1021 eontrarium
423 979 624 1036 disputo3
644 988 825 1036 apparet
843 987 1003 1028 tamon,
1024 988 1070 1020 ut
1094 980 1199 1020 mihi
1221 979 1398 1036 quidem
1428 980 1616 1028 videtur,

128 1074 257 1099 curae
298 1057 511 1099 XValterio
549 1056 682 1096 fuisse
717 1065 761 1096 ut
801 1065 947 1096 essent
983 1058 1104 1111 juxta
1147 1072 1294 1115 regem
1339 1057 1620 1098 humaniores

128 1134 304 1191 quidam
338 1142 379 1174 et
413 1133 669 1174 urbaniores
703 1134 920 1183 homines,
958 1134 1218 1189 quibuscum
1253 1133 1325 1174 ille
1357 1150 1432 1175 rex
1458 1135 1621 1191 guber-

130 1227 233 1251 nare
264 1219 305 1250 et
335 1209 499 1266 judicia
543 1210 656 1250 ferre
695 1211 878 1266 possit²¹
925 1211 1014 1251 Nec
1055 1210 1171 1251 enim
1214 1210 1421 1251 irascitur
1454 1219 1621 1251 tantum

130 1288 197 1328 his
227 1287 640 1346 magistratibus³et
662 1286 815 1328 aulicis
839 1288 912 1344 qui
936 1287 1161 1327 dominum
1186 1303 1309 1327 suum
1337 1304 1511 1344 semper
1528 1287 1622 1328 illn-

130 1364 233 1406 dere
268 1372 311 1404 et
344 1363 562 1420 expilare‘
588 1363 808 1411 studeant,
841 1365 940 1420 quia
973 1380 1119 1420 regem
1150 1380 1275 1404 suum
1304 1373 1441 1414 amat,
1477 1364 1553 1405 sed
1582 1374 1624 1405 et

129 1440 374 1482 contemnit
396 1439 603 1499 indignos
632 1441 712 1480 hos
738 1440 957 1491 homines,
984 1449 1134 1497 utpote
1158 1442 1235 1497 qui
1259 1457 1345 1481 non
1370 1441 1623 1501 intelligant

130 1518 282 1576 quanti
302 1516 442 1558 faeere
466 1516 655 1558 debeant
678 1533 833 1557 munus
851 1533 976 1558 suum
1000 1526 1297 1574 quantamque
1314 1517 1549 1559 utilitatem
1573 1534 1624 1558 ex

130 1609 180 1634 eo
209 1594 438 1651 percipere
456 1594 596 1651 possit
623 1594 765 1634 omnis
794 1594 930 1634 natio.
962 1595 1076 1634 Baro
1100 1594 1173 1635 ille
1198 1595 1499 1640 cambrensis,
1518 1596 1623 1636 Nor-

129 1687 374 1711 nannorum
393 1671 630 1712 feodalium
648 1671 844 1711 moribus
864 1671 1137 1720 informatus,
1155 1673 1279 1727 jam«
1297 1671 1454 1729 legiste
1471 1689 1491 1710 >›
1513 1680 1619 1712 erat.

191 1748 314 1788 Haud
336 1748 462 1789 aliter
483 1756 526 1789 et
548 1748 589 1788 in
615 1747 699 1788 fide
722 1748 961 1789 christiana
985 1749 1184 1789 sincerus
1209 1757 1317 1799 erat,
1344 1749 1401 1789 ita
1425 1757 1471 1789 ut
1493 1765 1623 1805 saepe

129 1824 181 1865 ad
199 1825 536 1882 superstitiones
559 1824 811 1865 intenderet
833 1833 874 1865 et
896 1825 1253 1882 persecutionem
1272 1842 1359 1866 non
1385 1826 1620 1875 abnueret,

130 1918 208 1942 nee
236 1910 381 1942 tamen
408 1919 429 1943 a
454 1902 575 1942 novis
599 1902 729 1942 rebus
752 1902 1035 1943 abhorrebat.
1066 1902 1194 1954 Quod
1223 1904 1259 1943 si
1282 1903 1325 1943 in
1357 1903 1425 1943 his
1448 1903 1623 1960 longius

131 1979 477 2027 immorabimur,
500 1978 747 2020 videbimus
769 1979 901 2019 etiam
932 1979 975 2019 in
999 1979 1069 2020 his
1100 1979 1365 2023 NValterium
1394 1981 1623 2037 Mappium

128 2055 344 2112 temporis
367 2055 434 2096 sui
464 2071 604 2096 mores
630 2056 674 2096 in
698 2071 743 2096 se
773 2056 1060 2112 expressisse,
1088 2057 1174 2097 imo
1206 2056 1358 2098 nescio
1390 2056 1497 2113 quid
1526 2057 1623 2097 novi

129 2132 183 2172 iis
206 2132 436 2188 adjecisse.

191 2208 353 2250 Eadem
394 2218 460 2250 est
492 2209 697 2254 WValterii
733 2209 841 2250 fides
871 2226 982 2266 quae
1010 2212 1103 2267 ejus
1134 2210 1396 2267 aequalium,
1431 2210 1621 2252 studium

132 2285 246 2326 idem
276 2286 319 2326 in
344 2286 549 2327 mirificas
579 2302 664 2335 res,
691 2286 807 2327 idem
838 2286 1059 2328 Ecclesiae
1083 2303 1219 2328 amor.
1247 2288 1623 2345 Quotiescumque

132 2362 185 2403 de
213 2362 430 2419 religione
464 2362 659 2409 disserit,
686 2363 924 2420 tranquille
947 2379 994 2404 ac
1020 2364 1114 2405 sine
1147 2364 1235 2405 ulla
1257 2364 1379 2406 dubii
1405 2365 1623 2406 anxietate

124 2439 340 2496 loquitur.
366 2440 490 2481 Nunc
519 2449 752 2497 postquam
775 2441 1085 2482 animadvertit
1107 2457 1236 2498 saepe
1259 2442 1302 2482 in
1323 2442 1443 2483 curia
1468 2443 1623 2482 hones·

123 2516 310 2557 tissimis
366 2517 620 2558 hominibus
670 2517 814 2574 aliqua
866 2517 1217 2560 dissimulatione
1265 2519 1475 2560 utendum
1529 2535 1623 2559 esse

128 2608 232 2634 voce
276 2593 491 2635 submissa
527 2603 569 2635 et
611 2594 736 2651 quasi
777 2594 859 2635 levi
908 2610 1146 2646 murmure,
1184 2605 1230 2637 ut
1269 2605 1459 2637 mentem
1499 2611 1618 2636 suam

129 2685 285 2727 pacare
326 2671 481 2727 possit,
523 2671 646 2712 addit
682 2688 689 2711 :
730 2689 750 2710 «
800 2671 1044 2713 Consilium
1092 2681 1236 2714 autem
1279 2673 1453 2714 salubre
1495 2688 1623 2714 nemo

173 2773 202 2803 1.
223 2775 269 2802 De
294 2772 411 2813 Nagia,
433 2784 466 2813 p.
493 2774 564 2804 212.

174 2821 204 2849 ⁴2.
227 2819 329 2856 lbid..
355 2832 387 2860 p.
414 2821 485 2851 210.

174 2869 204 2898 3.
224 2867 324 2902 mid..
351 2879 384 2908 p.
409 2869 479 2898 2¹12.

172 2916 204 2944 4.
228 2914 330 2949 Ibid..
352 2926 385 2955 p.
409 2917 478 2945 2¹13.
