1842 3288
206 295 246 325 30
699 294 749 319 DE
783 292 1007 318 WA'TEnio
1043 291 1199 316 MAPPlo

207 384 422 426 libertatis
446 398 651 423 avaros...
678 380 873 421 omnium
898 394 1045 419 rerum
1078 377 1368 434 largissimos,
1396 387 1441 419 ut
1461 379 1700 435 cujuslibet

207 462 410 503 alimenta
452 462 664 516 cujusque
712 457 799 497 sint
841 473 848 495 ε
894 472 945 496 ne
989 455 1196 514 redargui
1244 454 1417 510 possint
1468 457 1696 506 avaritiae,

208 547 323 579 tanta
347 538 588 578 retinentes
617 533 878 575 verecundia
908 532 1125 590 largitatis
1160 540 1202 571 et
1230 531 1544 587 hospitalitatis
1573 550 1697 574 usum

209 625 253 656 ut
288 623 385 655 ante
429 614 543 654 diem
580 612 759 653 tertium
799 626 925 650 nemo
963 617 1143 665 quaerat
1189 609 1241 648 ab
1276 609 1451 664 hospite
1489 620 1696 667 suscepto

209 692 322 733 unde
345 692 399 731 sit
416 690 482 731 vel
505 690 603 746 quis
623 690 631 710 ¹
650 706 693 739 »3
714 704 810 728 eum
834 686 1002 727 inducit
1020 685 1311 728 NYallensium
1336 701 1486 734 unum,
1508 702 1529 727 e
1554 687 1696 744 patria

208 769 459 825 profugum,
515 766 717 807 ferociam
773 764 918 822 gentis
963 772 1144 820 repente
1189 763 1446 803 induentem
1486 772 1533 804 ut
1578 765 1695 820 inju-

207 847 314 886 riam
348 844 501 902 generi
539 843 701 884 illatam
740 842 821 882 hae
855 841 1026 897 poetica
1069 840 1380 896 provocatione
1415 841 1646 897 propulset
1685 859 1691 882 :

209 941 228 961 «
272 922 459 962 Domine
495 922 602 966 Rex,
647 919 760 959 salva
796 919 1022 973 majestate
1052 917 1187 973 regia,
1223 918 1389 957 Breauc
1432 933 1506 958 rex
1546 927 1695 959 noster

207 1008 323 1040 tanta
361 998 519 1038 virtute
556 1013 630 1037 sua
673 1010 937 1051 suorumque
972 993 1234 1050 praepollet,
1266 1003 1313 1035 ut
1347 1010 1432 1035 non
1468 995 1613 1051 possis
1650 1004 1696 1036 tu

207 1075 272 1116 vel
295 1075 525 1131 quisquam
556 1073 665 1114 alius
695 1088 770 1112 rex
797 1070 1003 1128 praedam
1034 1086 1154 1110 suam
1188 1071 1228 1110 vi
1258 1070 1490 1121 abducere,
1524 1072 1593 1112 die
1624 1072 1697 1113 illa

209 1167 293 1208 qua
323 1151 537 1192 montium
566 1150 791 1190 eacumina
822 1163 946 1188 mane
970 1147 1109 1188 libera
1131 1147 1219 1188 sint
1242 1156 1284 1188 et
1307 1148 1470 1205 absque
1495 1149 1628 1198 nube,
1657 1157 1700 1190 et

210 1228 386 1268 {lumina
416 1227 592 1268 vallium
622 1226 862 1267 nebulosa⁶³
889 1243 932 1275 »3
959 1241 1055 1265 cum
1082 1224 1248 1265 fabulas
1272 1234 1447 1266 enarrat
1471 1225 1515 1265 in
1539 1226 1698 1282 quibus

209 1304 339 1345 rudes
379 1305 546 1344 animos
577 1304 756 1360 juvabat
791 1302 1005 1359 nymphas
1052 1316 1232 1342 evocare
1275 1302 1473 1342 tenebris
1508 1301 1695 1351 abditas,

206 1397 318 1438 quae
347 1397 443 1421 eum
477 1381 581 1421 viris
614 1382 728 1421 inter
757 1379 884 1419 silvas
920 1377 1238 1428 occurrissent,
1270 1378 1314 1418 in
1343 1378 1552 1420 cordibus
1579 1394 1699 1419 vesa-

209 1474 310 1498 num
364 1473 555 1498 amorem
606 1456 905 1497 accendebant
953 1463 995 1495 et
1045 1455 1230 1495 audaces
1285 1454 1491 1495 mortales
1538 1455 1698 1497 divinis

208 1535 482 1591 amplexibus
517 1534 707 1575 libenter
740 1533 960 1580 fovebant,
992 1532 1132 1572 donec
1164 1531 1351 1587 quadam
1391 1531 1462 1572 die
1490 1532 1645 1590 procul
1676 1549 1698 1573 a

208 1611 379 1652 miseris
426 1620 653 1651 aeternum
683 1610 841 1650 vulnus
874 1609 1148 1649 servantibus
1187 1608 1333 1649 subito
1369 1608 1608 1660 evolarent,
1645 1610 1698 1651 ad

208 1704 381 1729 sorores
420 1688 640 1728 rediturae
670 1702 807 1743 prope
837 1686 971 1735 lacus,
1004 1685 1047 1726 in
1081 1685 1222 1726 media
1255 1701 1432 1726 nemora
1449 1686 1478 1737 ³,
1509 1702 1622 1735 cum,
1654 1695 1700 1727 ut

209 1765 290 1805 sert
330 1764 517 1815 animus,
557 1764 718 1820 passim
756 1764 863 1804 haee
901 1772 942 1803 et
988 1762 1145 1803 similia
1189 1762 1443 1820 legentibus
1488 1764 1702 1820 proponit

206 1841 427 1898 Mappius,
477 1841 689 1898 populum
740 1841 1020 1881 meminimus
1068 1840 1137 1880 cui
1186 1839 1424 1896 plurimum
1472 1839 1698 1891 audaciae,

206 1919 443 1976 plurimum
467 1918 642 1959 consilii
664 1918 779 1959 inter
796 1917 1010 1974 pericula,
1031 1916 1100 1957 eui
1117 1916 1335 1956 libertatis
1358 1932 1480 1957 amor
1502 1910 1698 1967 innatus,

205 1996 268 2036 vis
297 1995 535 2036 resistendi
558 2011 740 2042 summa,
773 1994 981 2051 superbia
1011 2002 1052 2033 et
1075 1993 1312 2049 hospitalis
1337 1992 1525 2043 animus,
1551 2002 1700 2035 aetuo-

208 2089 300 2113 sum
324 2082 440 2113 certe
464 2081 505 2113 et
533 2072 662 2113 simul
684 2080 846 2112 tactum
869 2071 1044 2128 poetico
1076 2086 1205 2111 sensu
1234 2070 1446 2127 populum
1471 2086 1565 2111 esse
1591 2088 1599 2111 2
1624 2071 1698 2112 illa

207 2159 348 2190 autem
391 2151 639 2190 etiamnunc
681 2157 783 2189 sunt
821 2148 1067 2206 Anglorum
1115 2148 1294 2204 propria
1336 2148 1544 2207 insignia.
1575 2147 1699 2191 Wal-

207 2227 352 2268 lenses
391 2226 641 2267 duodecimi
676 2225 840 2267 saeculi
875 2227 964 2281 jam
1008 2224 1139 2265 iidem
1174 2233 1299 2265 erant
1334 2225 1408 2281 qui
1444 2224 1578 2284 Angli
1608 2233 1698 2265 tre-

206 2304 345 2344 centis
368 2304 550 2359 posthae
573 2303 698 2344 annis
722 2320 730 2342 :
763 2319 784 2342 e
813 2302 960 2343 multis
983 2317 1097 2342 unus
1125 2301 1330 2358 Mappius
1359 2310 1468 2352 erat,
1494 2310 1535 2342 et
1561 2303 1697 2343 Saxo-

207 2381 303 2421 nica
331 2380 398 2421 vel
421 2379 567 2436 potius
598 2379 761 2421 Celtica
791 2379 929 2435 stirpe
956 2377 1191 2419 oriundus.

267 2457 473 2499 Giraldus
497 2456 779 2498 Cambrensis
808 2456 966 2496 asserit
988 2454 1109 2495 illum
1142 2473 1162 2493 «
1189 2455 1241 2496 de
1264 2455 1420 2513 Anglis
1444 2455 1697 2504 oriundum,

206 2534 391 2577 VValliae
413 2542 559 2574 tamen
583 2534 720 2591 magis
744 2533 944 2573 intimum
962 2533 975 2553 '⁴
995 2550 1039 2583 »3
1070 2532 1164 2588 ipse
1189 2532 1429 2575 XValterius
1453 2532 1703 2577 &Vallenses

249 2664 277 2694 1.
299 2665 344 2693 De
365 2663 482 2704 Nugis,
507 2673 540 2703 p.
560 2664 611 2698 94,
635 2663 693 2692 lin.
723 2663 826 2693 12-26.

247 2712 275 2740 2.
303 2710 404 2748 lhid.‚
423 2721 457 2750 p.
481 2712 531 2745 78,
550 2710 610 2740 lin.
631 2710 662 2746 1,
686 2712 715 2740 5.

248 2760 277 2789 3.
302 2757 389 2788 [bid.
413 2758 499 2788 Dist.
522 2757 579 2793 11³,
605 2767 682 2797 cap.
705 2757 756 2795 12,
780 2767 862 2796 pag.
885 2757 935 2791 80,
965 2757 1015 2786 81.

247 2807 277 2836 4.
299 2805 463 2836 Giraldus
493 2804 717 2835 Cambrensis
744 2815 748 2833 z
787 2806 832 2834 De
861 2803 941 2844 jure
974 2807 1005 2833 et
1033 2806 1124 2834 statu
1153 2804 1359 2834 Menevensis
1396 2803 1579 2840 Ecclesiae,
1613 2803 1700 2834 Dist.

205 2854 274 2883 ΥΡ.
