<?xml version="1.0" encoding="UTF-8"?>
<!DOCTYPE html PUBLIC "-//W3C//DTD XHTML 1.0 Transitional//EN"
    "http://www.w3.org/TR/xhtml1/DTD/xhtml1-transitional.dtd">
<html xmlns="http://www.w3.org/1999/xhtml" xml:lang="en" lang="en">
 <head>
  <title>
</title>
<meta http-equiv="Content-Type" content="text/html;charset=utf-8" />
  <meta name='ocr-system' content='tesseract 3.04.00' />
  <meta name='ocr-capabilities' content='ocr_page ocr_carea ocr_par ocr_line ocrx_word'/>
</head>
<body>
  <div class='ocr_page' id='page_1' title='image "./dewalteriomappio00barduoft_0095.png"; bbox 0 0 1873 3329; ppageno 0'>
   <div class='ocr_carea' id='block_1_1' title="bbox 1513 335 1529 342">
    <p class='ocr_par' dir='ltr' id='par_1_1' title="bbox 1513 335 1529 342">
     <span class='ocr_line' id='line_1_1' title="bbox 1513 335 1529 342; baseline 0 0"><span class='ocrx_word' id='word_1_1' title='bbox 1513 335 1529 342; x_wconf 79' lang='grc' dir='ltr'><strong>ι-</strong></span> 
     </span>
    </p>
   </div>
   <div class='ocr_carea' id='block_1_2' title="bbox 514 338 1552 366">
    <p class='ocr_par' dir='ltr' id='par_1_2' title="bbox 514 338 1552 366">
     <span class='ocr_line' id='line_1_2' title="bbox 514 338 1552 366; baseline -0.005 0"><span class='ocrx_word' id='word_1_2' title='bbox 514 341 561 366; x_wconf 69' lang='lat' dir='ltr'><strong>1)ss</strong></span> <span class='ocrx_word' id='word_1_3' title='bbox 596 341 805 366; x_wconf 67' lang='lat' dir='ltr'><strong>WAL‘ri-tull</strong></span> <span class='ocrx_word' id='word_1_4' title='bbox 842 340 984 366; x_wconf 75' lang='grc' dir='ltr'><strong>ΜΑΡΡΙΙ</strong></span> <span class='ocrx_word' id='word_1_5' title='bbox 1019 340 1114 365; x_wconf 73' lang='lat' dir='ltr'><strong>viTA</strong></span> <span class='ocrx_word' id='word_1_6' title='bbox 1517 338 1552 363; x_wconf 63' lang='lat' dir='ltr'><strong>A·</strong></span> 
     </span>
    </p>
   </div>
   <div class='ocr_carea' id='block_1_3' title="bbox 11 425 1559 2634">
    <p class='ocr_par' dir='ltr' id='par_1_3' title="bbox 62 425 1558 1713">
     <span class='ocr_line' id='line_1_3' title="bbox 67 425 1550 482; baseline -0.003 -14"><span class='ocrx_word' id='word_1_7' title='bbox 67 426 263 468; x_wconf 83' lang='lat' dir='ltr'>studiose</span> <span class='ocrx_word' id='word_1_8' title='bbox 299 426 543 467; x_wconf 81' lang='lat' dir='ltr'><strong>machinata</strong></span> <span class='ocrx_word' id='word_1_9' title='bbox 574 426 626 467; x_wconf 90' lang='lat' dir='ltr'><strong>ad</strong></span> <span class='ocrx_word' id='word_1_10' title='bbox 662 442 878 466; x_wconf 83' lang='lat' dir='ltr'><strong>sunnnum</strong></span> <span class='ocrx_word' id='word_1_11' title='bbox 907 425 1185 482; x_wconf 75' lang='lat' dir='ltr'>quatiebatur</span> <span class='ocrx_word' id='word_1_12' title='bbox 1222 433 1550 464; x_wconf 85' lang='lat' dir='ltr'><strong>monumentum</strong></span> 
     </span>
     <span class='ocr_line' id='line_1_4' title="bbox 65 501 1552 559; baseline -0.003 -15"><span class='ocrx_word' id='word_1_13' title='bbox 65 502 190 554; x_wconf 84' lang='lat' dir='ltr'><strong>illud,</strong></span> <span class='ocrx_word' id='word_1_14' title='bbox 215 511 300 544; x_wconf 85' lang='lat' dir='ltr'><strong>tam</strong></span> <span class='ocrx_word' id='word_1_15' title='bbox 336 502 521 559; x_wconf 85' lang='lat' dir='ltr'><strong>patienti</strong></span> <span class='ocrx_word' id='word_1_16' title='bbox 551 519 652 543; x_wconf 79' lang='lat' dir='ltr'><strong>cura</strong></span> <span class='ocrx_word' id='word_1_17' title='bbox 691 510 959 543; x_wconf 81' lang='lat' dir='ltr'><strong>exstructum</strong></span> <span class='ocrx_word' id='word_1_18' title='bbox 996 510 1123 558; x_wconf 86' lang='lat' dir='ltr'><strong>atque</strong></span> <span class='ocrx_word' id='word_1_19' title='bbox 1159 501 1375 542; x_wconf 88' lang='lat' dir='ltr'><strong>lirmatum</strong></span> <span class='ocrx_word' id='word_1_20' title='bbox 1407 502 1552 558; x_wconf 62' lang='lat' dir='ltr'><strong>Ange-</strong></span> 
     </span>
     <span class='ocr_line' id='line_1_5' title="bbox 64 577 1554 636; baseline -0.002 -15"><span class='ocrx_word' id='word_1_21' title='bbox 64 579 211 621; x_wconf 86' lang='lat' dir='ltr'><strong>vinum</strong></span> <span class='ocrx_word' id='word_1_22' title='bbox 241 595 441 636; x_wconf 71' lang='lat' dir='ltr'><strong>regnum.</strong></span> <span class='ocrx_word' id='word_1_23' title='bbox 468 579 660 620; x_wconf 76' lang='lat' dir='ltr'><strong>Fidelem</strong></span> <span class='ocrx_word' id='word_1_24' title='bbox 686 595 729 619; x_wconf 85' lang='lat' dir='ltr'><strong>se</strong></span> <span class='ocrx_word' id='word_1_25' title='bbox 754 578 992 621; x_wconf 59' lang='lat' dir='ltr'><strong>XValterius</strong></span> <span class='ocrx_word' id='word_1_26' title='bbox 1015 577 1220 634; x_wconf 82' lang='lat' dir='ltr'><strong>Mappius</strong></span> <span class='ocrx_word' id='word_1_27' title='bbox 1245 578 1435 618; x_wconf 77' lang='lat' dir='ltr'><strong>Ilenrico</strong></span> <span class='ocrx_word' id='word_1_28' title='bbox 1460 578 1554 635; x_wconf 69' lang='lat' dir='ltr'><strong>regi</strong></span> 
     </span>
     <span class='ocr_line' id='line_1_6' title="bbox 64 654 1554 714; baseline -0.003 -17"><span class='ocrx_word' id='word_1_29' title='bbox 64 656 300 714; x_wconf 79' lang='lat' dir='ltr'><strong>praestitit,</strong></span> <span class='ocrx_word' id='word_1_30' title='bbox 339 672 524 713; x_wconf 84' lang='lat' dir='ltr'><strong>eumque</strong></span> <span class='ocrx_word' id='word_1_31' title='bbox 556 672 701 697; x_wconf 89' lang='lat' dir='ltr'><strong>comes</strong></span> <span class='ocrx_word' id='word_1_32' title='bbox 737 656 960 696; x_wconf 88' lang='lat' dir='ltr'><strong>insecutus</strong></span> <span class='ocrx_word' id='word_1_33' title='bbox 1002 663 1082 703; x_wconf 88' lang='lat' dir='ltr'><strong>est,</strong></span> <span class='ocrx_word' id='word_1_34' title='bbox 1118 654 1246 695; x_wconf 90' lang='lat' dir='ltr'><strong>dum¹</strong></span> <span class='ocrx_word' id='word_1_35' title='bbox 1280 655 1426 700; x_wconf 81' lang='lat' dir='ltr'><strong>miser,</strong></span> <span class='ocrx_word' id='word_1_36' title='bbox 1460 655 1554 694; x_wconf 86' lang='lat' dir='ltr'><strong>sine</strong></span> 
     </span>
     <span class='ocr_line' id='line_1_7' title="bbox 62 731 1552 790; baseline -0.001 -18"><span class='ocrx_word' id='word_1_37' title='bbox 62 747 164 789; x_wconf 86' lang='lat' dir='ltr'><strong>ope,</strong></span> <span class='ocrx_word' id='word_1_38' title='bbox 189 733 282 773; x_wconf 88' lang='lat' dir='ltr'><strong>sine</strong></span> <span class='ocrx_word' id='word_1_39' title='bbox 306 733 509 790; x_wconf 80' lang='lat' dir='ltr'><strong>pecunia,</strong></span> <span class='ocrx_word' id='word_1_40' title='bbox 547 732 698 773; x_wconf 80' lang='lat' dir='ltr'>infelix</span> <span class='ocrx_word' id='word_1_41' title='bbox 732 732 806 772; x_wconf 88' lang='lat' dir='ltr'><strong>ille</strong></span> <span class='ocrx_word' id='word_1_42' title='bbox 834 732 1043 788; x_wconf 85' lang='lat' dir='ltr'><strong>princeps</strong></span> <span class='ocrx_word' id='word_1_43' title='bbox 1075 731 1269 778; x_wconf 85' lang='lat' dir='ltr'><strong>armatis,</strong></span> <span class='ocrx_word' id='word_1_44' title='bbox 1303 739 1348 771; x_wconf 88' lang='lat' dir='ltr'><strong>ut</strong></span> <span class='ocrx_word' id='word_1_45' title='bbox 1381 747 1552 771; x_wconf 86' lang='lat' dir='ltr'><strong>eausam</strong></span> 
     </span>
     <span class='ocr_line' id='line_1_8' title="bbox 67 807 1551 868; baseline -0.003 -18"><span class='ocrx_word' id='word_1_46' title='bbox 67 824 187 850; x_wconf 88' lang='lat' dir='ltr'><strong>suam</strong></span> <span class='ocrx_word' id='word_1_47' title='bbox 217 808 523 859; x_wconf 74' lang='lat' dir='ltr'><strong>defenderent,</strong></span> <span class='ocrx_word' id='word_1_48' title='bbox 557 808 747 868; x_wconf 80' lang='lat' dir='ltr'><strong>regalem</strong></span> <span class='ocrx_word' id='word_1_49' title='bbox 778 810 964 857; x_wconf 74' lang='lat' dir='ltr'><strong>ensem²,</strong></span> <span class='ocrx_word' id='word_1_50' title='bbox 999 808 1125 865; x_wconf 92' lang='lat' dir='ltr'><strong>quasi</strong></span> <span class='ocrx_word' id='word_1_51' title='bbox 1153 807 1370 854; x_wconf 87' lang='lat' dir='ltr'><strong>obsidem,</strong></span> <span class='ocrx_word' id='word_1_52' title='bbox 1403 807 1551 853; x_wconf 82' lang='lat' dir='ltr'><strong>dabat,</strong></span> 
     </span>
     <span class='ocr_line' id='line_1_9' title="bbox 64 883 1556 942; baseline -0.002 -16"><span class='ocrx_word' id='word_1_53' title='bbox 64 894 112 926; x_wconf 87' lang='lat' dir='ltr'><strong>ut</strong></span> <span class='ocrx_word' id='word_1_54' title='bbox 153 885 338 942; x_wconf 71' lang='lat' dir='ltr'><strong>pignore</strong></span> <span class='ocrx_word' id='word_1_55' title='bbox 375 885 450 926; x_wconf 90' lang='lat' dir='ltr'><strong>illo</strong></span> <span class='ocrx_word' id='word_1_56' title='bbox 485 885 613 926; x_wconf 80' lang='lat' dir='ltr'><strong>fldem</strong></span> <span class='ocrx_word' id='word_1_57' title='bbox 651 901 770 926; x_wconf 89' lang='lat' dir='ltr'><strong>suam</strong></span> <span class='ocrx_word' id='word_1_58' title='bbox 804 885 1037 941; x_wconf 77' lang='lat' dir='ltr'><strong>obligaret.</strong></span> <span class='ocrx_word' id='word_1_59' title='bbox 1075 885 1131 926; x_wconf 84' lang='lat' dir='ltr'><strong>At</strong></span> <span class='ocrx_word' id='word_1_60' title='bbox 1166 885 1382 924; x_wconf 87' lang='lat' dir='ltr'><strong>Ilenrieus</strong></span> <span class='ocrx_word' id='word_1_61' title='bbox 1416 883 1556 940; x_wconf 80' lang='lat' dir='ltr'>impar</span> 
     </span>
     <span class='ocr_line' id='line_1_10' title="bbox 67 960 1555 1020; baseline -0.001 -18"><span class='ocrx_word' id='word_1_62' title='bbox 67 969 213 1003; x_wconf 77' lang='lat' dir='ltr'>tantae</span> <span class='ocrx_word' id='word_1_63' title='bbox 253 977 426 1020; x_wconf 74' lang='lat' dir='ltr'><strong>pugnae</strong></span> <span class='ocrx_word' id='word_1_64' title='bbox 471 971 577 1011; x_wconf 84' lang='lat' dir='ltr'><strong>erat,</strong></span> <span class='ocrx_word' id='word_1_65' title='bbox 622 978 767 1019; x_wconf 67' lang='lat' dir='ltr'><strong>aeger,</strong></span> <span class='ocrx_word' id='word_1_66' title='bbox 806 961 1008 1013; x_wconf 84' lang='lat' dir='ltr'><strong>asllictus,</strong></span> <span class='ocrx_word' id='word_1_67' title='bbox 1055 962 1107 1002; x_wconf 92' lang='lat' dir='ltr'><strong>ab</strong></span> <span class='ocrx_word' id='word_1_68' title='bbox 1145 961 1296 1001; x_wconf 87' lang='lat' dir='ltr'><strong>amieis</strong></span> <span class='ocrx_word' id='word_1_69' title='bbox 1331 960 1555 1017; x_wconf 85' lang='lat' dir='ltr'><strong>plerisque</strong></span> 
     </span>
     <span class='ocr_line' id='line_1_11' title="bbox 67 1037 1557 1092; baseline -0.001 -13"><span class='ocrx_word' id='word_1_70' title='bbox 67 1039 261 1080; x_wconf 84' lang='lat' dir='ltr'><strong>relictus.</strong></span> <span class='ocrx_word' id='word_1_71' title='bbox 291 1040 434 1092; x_wconf 83' lang='lat' dir='ltr'><strong>Quare</strong></span> <span class='ocrx_word' id='word_1_72' title='bbox 463 1039 773 1080; x_wconf 86' lang='lat' dir='ltr'><strong>Colombieriis</strong></span> <span class='ocrx_word' id='word_1_73' title='bbox 794 1066 852 1070; x_wconf 94' lang='lat'><strong>—</strong></span> <span class='ocrx_word' id='word_1_74' title='bbox 879 1055 977 1080; x_wconf 91' lang='lat' dir='ltr'><strong>nam</strong></span> <span class='ocrx_word' id='word_1_75' title='bbox 1007 1039 1068 1079; x_wconf 88' lang='lat' dir='ltr'><strong>ibi</strong></span> <span class='ocrx_word' id='word_1_76' title='bbox 1100 1054 1196 1079; x_wconf 84' lang='lat' dir='ltr'><strong>cum</strong></span> <span class='ocrx_word' id='word_1_77' title='bbox 1225 1038 1389 1078; x_wconf 79' lang='lat' dir='ltr'><strong>victore</strong></span> <span class='ocrx_word' id='word_1_78' title='bbox 1421 1037 1557 1078; x_wconf 83' lang='lat' dir='ltr'><strong>collo-</strong></span> 
     </span>
     <span class='ocr_line' id='line_1_12' title="bbox 66 1115 1556 1173; baseline 0 -17"><span class='ocrx_word' id='word_1_79' title='bbox 66 1116 217 1172; x_wconf 86' lang='lat' dir='ltr'>quium</span> <span class='ocrx_word' id='word_1_80' title='bbox 240 1116 343 1156; x_wconf 88' lang='lat' dir='ltr'><strong>seeit</strong></span> <span class='ocrx_word' id='word_1_81' title='bbox 363 1142 421 1146; x_wconf 97' lang='lat'><strong>—</strong></span> <span class='ocrx_word' id='word_1_82' title='bbox 442 1116 605 1166; x_wconf 90' lang='lat' dir='ltr'><strong>omnia,</strong></span> <span class='ocrx_word' id='word_1_83' title='bbox 626 1132 736 1173; x_wconf 89' lang='lat' dir='ltr'><strong>quae</strong></span> <span class='ocrx_word' id='word_1_84' title='bbox 759 1116 843 1157; x_wconf 87' lang='lat' dir='ltr'><strong>sibi</strong></span> <span class='ocrx_word' id='word_1_85' title='bbox 873 1124 973 1157; x_wconf 83' lang='lat' dir='ltr'><strong>sunt</strong></span> <span class='ocrx_word' id='word_1_86' title='bbox 997 1115 1221 1172; x_wconf 87' lang='lat' dir='ltr'><strong>imposita,</strong></span> <span class='ocrx_word' id='word_1_87' title='bbox 1247 1115 1415 1171; x_wconf 84' lang='lat' dir='ltr'><strong>aceepit</strong></span> <span class='ocrx_word' id='word_1_88' title='bbox 1442 1132 1448 1154; x_wconf 91' lang='grc'>;</span> <span class='ocrx_word' id='word_1_89' title='bbox 1475 1115 1556 1156; x_wconf 86' lang='lat' dir='ltr'><strong>hoe</strong></span> 
     </span>
     <span class='ocr_line' id='line_1_13' title="bbox 66 1191 1558 1250; baseline -0.002 -16"><span class='ocrx_word' id='word_1_90' title='bbox 66 1207 201 1234; x_wconf 89' lang='lat' dir='ltr'><strong>unum</strong></span> <span class='ocrx_word' id='word_1_91' title='bbox 224 1191 489 1250; x_wconf 78' lang='lat' dir='ltr'><strong>imploravit,</strong></span> <span class='ocrx_word' id='word_1_92' title='bbox 516 1193 693 1234; x_wconf 89' lang='lat' dir='ltr'><strong>nomina</strong></span> <span class='ocrx_word' id='word_1_93' title='bbox 722 1193 805 1234; x_wconf 87' lang='lat' dir='ltr'>sibi</span> <span class='ocrx_word' id='word_1_94' title='bbox 826 1193 941 1234; x_wconf 88' lang='lat' dir='ltr'><strong>tradi</strong></span> <span class='ocrx_word' id='word_1_95' title='bbox 962 1209 1111 1234; x_wconf 89' lang='lat' dir='ltr'><strong>eorum</strong></span> <span class='ocrx_word' id='word_1_96' title='bbox 1137 1192 1211 1249; x_wconf 84' lang='lat' dir='ltr'><strong>qui</strong></span> <span class='ocrx_word' id='word_1_97' title='bbox 1234 1207 1350 1242; x_wconf 89' lang='lat' dir='ltr'><strong>eum,</strong></span> <span class='ocrx_word' id='word_1_98' title='bbox 1375 1200 1421 1232; x_wconf 89' lang='lat' dir='ltr'><strong>ut</strong></span> <span class='ocrx_word' id='word_1_99' title='bbox 1443 1191 1558 1232; x_wconf 88' lang='lat' dir='ltr'><strong>inter</strong></span> 
     </span>
     <span class='ocr_line' id='line_1_14' title="bbox 66 1268 1556 1327; baseline -0.002 -17"><span class='ocrx_word' id='word_1_100' title='bbox 66 1270 259 1310; x_wconf 82' lang='lat' dir='ltr'>Francos</span> <span class='ocrx_word' id='word_1_101' title='bbox 303 1279 568 1327; x_wconf 82' lang='lat' dir='ltr'>pugnarent,</span> <span class='ocrx_word' id='word_1_102' title='bbox 611 1269 914 1311; x_wconf 84' lang='lat' dir='ltr'><strong>deseruerant.</strong></span> <span class='ocrx_word' id='word_1_103' title='bbox 960 1268 1120 1309; x_wconf 83' lang='lat' dir='ltr'><strong>Infelix</strong></span> <span class='ocrx_word' id='word_1_104' title='bbox 1159 1268 1413 1308; x_wconf 81' lang='lat' dir='ltr'><strong>curiositas!</strong></span> <span class='ocrx_word' id='word_1_105' title='bbox 1458 1283 1556 1308; x_wconf 88' lang='lat' dir='ltr'><strong>nam</strong></span> 
     </span>
     <span class='ocr_line' id='line_1_15' title="bbox 66 1344 1558 1405; baseline -0.002 -18"><span class='ocrx_word' id='word_1_106' title='bbox 66 1347 275 1405; x_wconf 84' lang='lat' dir='ltr'><strong>cognovit</strong></span> <span class='ocrx_word' id='word_1_107' title='bbox 296 1346 434 1388; x_wconf 87' lang='lat' dir='ltr'><strong>filium</strong></span> <span class='ocrx_word' id='word_1_108' title='bbox 458 1363 583 1388; x_wconf 89' lang='lat' dir='ltr'><strong>suum</strong></span> <span class='ocrx_word' id='word_1_109' title='bbox 612 1348 842 1398; x_wconf 87' lang='lat' dir='ltr'><strong>Joannem,</strong></span> <span class='ocrx_word' id='word_1_110' title='bbox 868 1362 1012 1403; x_wconf 85' lang='lat' dir='ltr'><strong>quem,</strong></span> <span class='ocrx_word' id='word_1_111' title='bbox 1049 1361 1171 1402; x_wconf 88' lang='lat' dir='ltr'><strong>spem</strong></span> <span class='ocrx_word' id='word_1_112' title='bbox 1195 1345 1433 1386; x_wconf 86' lang='lat' dir='ltr'><strong>senectutis</strong></span> <span class='ocrx_word' id='word_1_113' title='bbox 1455 1344 1558 1385; x_wconf 88' lang='lat' dir='ltr'><strong>ulti-</strong></span> 
     </span>
     <span class='ocr_line' id='line_1_16' title="bbox 69 1421 1554 1477; baseline -0.002 -14"><span class='ocrx_word' id='word_1_114' title='bbox 69 1438 197 1474; x_wconf 86' lang='lat' dir='ltr'><strong>mam,</strong></span> <span class='ocrx_word' id='word_1_115' title='bbox 237 1424 382 1465; x_wconf 88' lang='lat' dir='ltr'><strong>tenaei</strong></span> <span class='ocrx_word' id='word_1_116' title='bbox 421 1440 567 1466; x_wconf 88' lang='lat' dir='ltr'><strong>amore</strong></span> <span class='ocrx_word' id='word_1_117' title='bbox 603 1424 796 1477; x_wconf 76' lang='lat' dir='ltr'><strong>fovebat,</strong></span> <span class='ocrx_word' id='word_1_118' title='bbox 838 1424 967 1465; x_wconf 88' lang='lat' dir='ltr'><strong>etiam</strong></span> <span class='ocrx_word' id='word_1_119' title='bbox 1003 1422 1146 1464; x_wconf 86' lang='lat' dir='ltr'><strong>datam</strong></span> <span class='ocrx_word' id='word_1_120' title='bbox 1180 1422 1312 1463; x_wconf 87' lang='lat' dir='ltr'><strong>fidem</strong></span> <span class='ocrx_word' id='word_1_121' title='bbox 1351 1421 1554 1462; x_wconf 86' lang='lat' dir='ltr'><strong>violasse.</strong></span> 
     </span>
     <span class='ocr_line' id='line_1_17' title="bbox 67 1499 1558 1553; baseline -0.003 -12"><span class='ocrx_word' id='word_1_122' title='bbox 67 1500 196 1553; x_wconf 89' lang='lat' dir='ltr'><strong>Quod</strong></span> <span class='ocrx_word' id='word_1_123' title='bbox 230 1516 326 1541; x_wconf 89' lang='lat' dir='ltr'><strong>cum</strong></span> <span class='ocrx_word' id='word_1_124' title='bbox 358 1501 523 1542; x_wconf 77' lang='lat' dir='ltr'><strong>audivit</strong></span> <span class='ocrx_word' id='word_1_125' title='bbox 560 1518 567 1542; x_wconf 93' lang='lat'>:</span> <span class='ocrx_word' id='word_1_126' title='bbox 599 1519 619 1540; x_wconf 87' lang='lat'>«</span> <span class='ocrx_word' id='word_1_127' title='bbox 650 1501 783 1549; x_wconf 81' lang='lat' dir='ltr'><strong>Satis,</strong></span> <span class='ocrx_word' id='word_1_128' title='bbox 815 1502 890 1551; x_wconf 87' lang='lat' dir='ltr'><strong>ait,</strong></span> <span class='ocrx_word' id='word_1_129' title='bbox 916 1500 1080 1541; x_wconf 86' lang='lat' dir='ltr'><strong>dictum</strong></span> <span class='ocrx_word' id='word_1_130' title='bbox 1113 1517 1133 1540; x_wconf 84' lang='lat' dir='ltr'><strong>a</strong></span> <span class='ocrx_word' id='word_1_131' title='bbox 1161 1499 1282 1540; x_wconf 84' lang='lat' dir='ltr'><strong>vobis</strong></span> <span class='ocrx_word' id='word_1_132' title='bbox 1311 1507 1377 1540; x_wconf 88' lang='lat' dir='ltr'><strong>est</strong></span> <span class='ocrx_word' id='word_1_133' title='bbox 1399 1515 1438 1548; x_wconf 84' lang='grc'><strong>)),</strong></span> <span class='ocrx_word' id='word_1_134' title='bbox 1471 1506 1558 1538; x_wconf 86' lang='lat' dir='ltr'><strong>sta-</strong></span> 
     </span>
     <span class='ocr_line' id='line_1_18' title="bbox 68 1575 1558 1635; baseline -0.002 -17"><span class='ocrx_word' id='word_1_135' title='bbox 68 1578 234 1634; x_wconf 86' lang='lat' dir='ltr'><strong>timque</strong></span> <span class='ocrx_word' id='word_1_136' title='bbox 264 1579 520 1619; x_wconf 80' lang='lat' dir='ltr'><strong>memoriam</strong></span> <span class='ocrx_word' id='word_1_137' title='bbox 548 1594 595 1619; x_wconf 89' lang='lat' dir='ltr'><strong>ae</strong></span> <span class='ocrx_word' id='word_1_138' title='bbox 632 1595 808 1619; x_wconf 85' lang='lat' dir='ltr'><strong>sensum</strong></span> <span class='ocrx_word' id='word_1_139' title='bbox 837 1577 1048 1635; x_wconf 78' lang='lat' dir='ltr'><strong>perdidit,</strong></span> <span class='ocrx_word' id='word_1_140' title='bbox 1080 1577 1192 1618; x_wconf 78' lang='lat' dir='ltr'><strong>febri</strong></span> <span class='ocrx_word' id='word_1_141' title='bbox 1225 1575 1374 1617; x_wconf 87' lang='lat' dir='ltr'><strong>triduo</strong></span> <span class='ocrx_word' id='word_1_142' title='bbox 1403 1592 1558 1632; x_wconf 78' lang='lat' dir='ltr'><strong>aegro-</strong></span> 
     </span>
     <span class='ocr_line' id='line_1_19' title="bbox 66 1653 1270 1713; baseline -0.001 -18"><span class='ocrx_word' id='word_1_143' title='bbox 66 1655 188 1705; x_wconf 88' lang='lat' dir='ltr'><strong>tavit,</strong></span> <span class='ocrx_word' id='word_1_144' title='bbox 214 1655 450 1712; x_wconf 75' lang='lat' dir='ltr'><strong>vitamque,</strong></span> <span class='ocrx_word' id='word_1_145' title='bbox 483 1672 571 1697; x_wconf 91' lang='lat' dir='ltr'><strong>non</strong></span> <span class='ocrx_word' id='word_1_146' title='bbox 592 1664 853 1713; x_wconf 83' lang='lat' dir='ltr'><strong>recuperato</strong></span> <span class='ocrx_word' id='word_1_147' title='bbox 882 1656 1044 1705; x_wconf 88' lang='lat' dir='ltr'><strong>animo,</strong></span> <span class='ocrx_word' id='word_1_148' title='bbox 1069 1653 1270 1695; x_wconf 76' lang='lat' dir='ltr'><strong>exsolvit.</strong></span> 
     </span>
    </p>

    <p class='ocr_par' dir='ltr' id='par_1_4' title="bbox 64 1729 1559 2331">
     <span class='ocr_line' id='line_1_20' title="bbox 124 1729 1559 1790; baseline -0.003 -16"><span class='ocrx_word' id='word_1_149' title='bbox 124 1731 365 1774; x_wconf 49' lang='lat' dir='ltr'><strong>NValterius</strong></span> <span class='ocrx_word' id='word_1_150' title='bbox 378 1733 601 1790; x_wconf 84' lang='lat' dir='ltr'><strong>Mappius,</strong></span> <span class='ocrx_word' id='word_1_151' title='bbox 620 1750 714 1773; x_wconf 87' lang='lat' dir='ltr'><strong>eum</strong></span> <span class='ocrx_word' id='word_1_152' title='bbox 732 1733 770 1774; x_wconf 91' lang='lat' dir='ltr'><strong>ei</strong></span> <span class='ocrx_word' id='word_1_153' title='bbox 787 1733 1032 1773; x_wconf 87' lang='lat' dir='ltr'><strong>nuntiatum</strong></span> <span class='ocrx_word' id='word_1_154' title='bbox 1047 1740 1112 1772; x_wconf 83' lang='lat' dir='ltr'><strong>est</strong></span> <span class='ocrx_word' id='word_1_155' title='bbox 1126 1731 1186 1771; x_wconf 89' lang='lat' dir='ltr'><strong>sic</strong></span> <span class='ocrx_word' id='word_1_156' title='bbox 1201 1731 1358 1771; x_wconf 87' lang='lat' dir='ltr'><strong>misere</strong></span> <span class='ocrx_word' id='word_1_157' title='bbox 1372 1729 1559 1786; x_wconf 86' lang='lat' dir='ltr'><strong>periisse</strong></span> 
     </span>
     <span class='ocr_line' id='line_1_21' title="bbox 66 1806 1559 1867; baseline -0.003 -18"><span class='ocrx_word' id='word_1_158' title='bbox 66 1823 215 1865; x_wconf 85' lang='lat' dir='ltr'><strong>regem</strong></span> <span class='ocrx_word' id='word_1_159' title='bbox 249 1824 379 1866; x_wconf 87' lang='lat' dir='ltr'><strong>quem</strong></span> <span class='ocrx_word' id='word_1_160' title='bbox 413 1825 509 1850; x_wconf 87' lang='lat' dir='ltr'><strong>cum</strong></span> <span class='ocrx_word' id='word_1_161' title='bbox 543 1809 781 1867; x_wconf 77' lang='lat' dir='ltr'><strong>diligenter</strong></span> <span class='ocrx_word' id='word_1_162' title='bbox 814 1809 1025 1857; x_wconf 87' lang='lat' dir='ltr'><strong>coluerat,</strong></span> <span class='ocrx_word' id='word_1_163' title='bbox 1053 1817 1145 1849; x_wconf 85' lang='lat' dir='ltr'><strong>tum</strong></span> <span class='ocrx_word' id='word_1_164' title='bbox 1176 1808 1346 1848; x_wconf 86' lang='lat' dir='ltr'><strong>sineere</strong></span> <span class='ocrx_word' id='word_1_165' title='bbox 1377 1806 1559 1847; x_wconf 84' lang='lat' dir='ltr'><strong>miratus</strong></span> 
     </span>
     <span class='ocr_line' id='line_1_22' title="bbox 66 1882 1558 1944; baseline -0.002 -19"><span class='ocrx_word' id='word_1_166' title='bbox 66 1893 174 1936; x_wconf 89' lang='lat' dir='ltr'><strong>erat,</strong></span> <span class='ocrx_word' id='word_1_167' title='bbox 225 1901 384 1944; x_wconf 87' lang='lat' dir='ltr'><strong>magno</strong></span> <span class='ocrx_word' id='word_1_168' title='bbox 431 1885 581 1927; x_wconf 83' lang='lat' dir='ltr'><strong>dolore</strong></span> <span class='ocrx_word' id='word_1_169' title='bbox 628 1895 854 1943; x_wconf 86' lang='lat' dir='ltr'><strong>permotus</strong></span> <span class='ocrx_word' id='word_1_170' title='bbox 904 1894 984 1927; x_wconf 88' lang='lat' dir='ltr'><strong>est.</strong></span> <span class='ocrx_word' id='word_1_171' title='bbox 1036 1886 1320 1941; x_wconf 85' lang='lat' dir='ltr'><strong>Quapropter</strong></span> <span class='ocrx_word' id='word_1_172' title='bbox 1370 1900 1391 1924; x_wconf 93' lang='lat' dir='ltr'><strong>e</strong></span> <span class='ocrx_word' id='word_1_173' title='bbox 1439 1882 1558 1923; x_wconf 83' lang='lat' dir='ltr'><strong>curia</strong></span> 
     </span>
     <span class='ocr_line' id='line_1_23' title="bbox 64 1959 1558 2020; baseline -0.002 -18"><span class='ocrx_word' id='word_1_174' title='bbox 64 1960 271 2011; x_wconf 86' lang='lat' dir='ltr'><strong>decessit,</strong></span> <span class='ocrx_word' id='word_1_175' title='bbox 303 1963 500 2020; x_wconf 86' lang='lat' dir='ltr'><strong>abiitque</strong></span> <span class='ocrx_word' id='word_1_176' title='bbox 529 1963 573 2003; x_wconf 90' lang='lat' dir='ltr'><strong>in</strong></span> <span class='ocrx_word' id='word_1_177' title='bbox 609 1963 942 2004; x_wconf 84' lang='lat' dir='ltr'><strong>monasterium.</strong></span> <span class='ocrx_word' id='word_1_178' title='bbox 978 1981 996 2001; x_wconf 88' lang='lat'>«</span> <span class='ocrx_word' id='word_1_179' title='bbox 1028 1961 1188 2003; x_wconf 76' lang='lat' dir='ltr'><strong>Audita</strong></span> <span class='ocrx_word' id='word_1_180' title='bbox 1218 1969 1356 2001; x_wconf 85' lang='lat' dir='ltr'><strong>morte</strong></span> <span class='ocrx_word' id='word_1_181' title='bbox 1379 1959 1558 2001; x_wconf 87' lang='lat' dir='ltr'><strong>Domini</strong></span> 
     </span>
     <span class='ocr_line' id='line_1_24' title="bbox 66 2036 1559 2097; baseline -0.002 -18"><span class='ocrx_word' id='word_1_182' title='bbox 66 2038 166 2087; x_wconf 88' lang='lat' dir='ltr'><strong>mei,</strong></span> <span class='ocrx_word' id='word_1_183' title='bbox 198 2039 272 2091; x_wconf 88' lang='lat' dir='ltr'><strong>ait,</strong></span> <span class='ocrx_word' id='word_1_184' title='bbox 299 2048 399 2096; x_wconf 87' lang='lat' dir='ltr'><strong>post</strong></span> <span class='ocrx_word' id='word_1_185' title='bbox 421 2040 650 2081; x_wconf 88' lang='lat' dir='ltr'><strong>biennium</strong></span> <span class='ocrx_word' id='word_1_186' title='bbox 677 2040 960 2097; x_wconf 82' lang='lat' dir='ltr'><strong>exequiarum</strong></span> <span class='ocrx_word' id='word_1_187' title='bbox 984 2038 1232 2080; x_wconf 83' lang='lat' dir='ltr'><strong>exinanitus</strong></span> <span class='ocrx_word' id='word_1_188' title='bbox 1257 2037 1478 2094; x_wconf 79' lang='lat' dir='ltr'><strong>lacrymis,</strong></span> <span class='ocrx_word' id='word_1_189' title='bbox 1505 2036 1559 2076; x_wconf 88' lang='lat' dir='ltr'><strong>ad</strong></span> 
     </span>
     <span class='ocr_line' id='line_1_25' title="bbox 64 2112 1559 2175; baseline -0.002 -19"><span class='ocrx_word' id='word_1_190' title='bbox 64 2115 212 2172; x_wconf 87' lang='lat' dir='ltr'><strong>puteal</strong></span> <span class='ocrx_word' id='word_1_191' title='bbox 231 2131 418 2175; x_wconf 83' lang='lat' dir='ltr'><strong>exsurgo</strong></span> <span class='ocrx_word' id='word_1_192' title='bbox 441 2116 611 2158; x_wconf 85' lang='lat' dir='ltr'><strong>lucrum</strong></span> <span class='ocrx_word' id='word_1_193' title='bbox 635 2117 950 2168; x_wconf 86' lang='lat' dir='ltr'><strong>inestimabile,</strong></span> <span class='ocrx_word' id='word_1_194' title='bbox 975 2132 1091 2157; x_wconf 90' lang='lat' dir='ltr'><strong>nune</strong></span> <span class='ocrx_word' id='word_1_195' title='bbox 1108 2116 1251 2173; x_wconf 83' lang='lat' dir='ltr'><strong>primo</strong></span> <span class='ocrx_word' id='word_1_196' title='bbox 1266 2114 1419 2155; x_wconf 87' lang='lat' dir='ltr'><strong>videns</strong></span> <span class='ocrx_word' id='word_1_197' title='bbox 1440 2112 1559 2170; x_wconf 84' lang='lat' dir='ltr'><strong>quod</strong></span> 
     </span>
     <span class='ocr_line' id='line_1_26' title="bbox 65 2191 1557 2253; baseline -0.002 -21"><span class='ocrx_word' id='word_1_198' title='bbox 65 2207 88 2232; x_wconf 89' lang='lat' dir='ltr'><strong>a</strong></span> <span class='ocrx_word' id='word_1_199' title='bbox 110 2193 229 2233; x_wconf 87' lang='lat' dir='ltr'><strong>curia</strong></span> <span class='ocrx_word' id='word_1_200' title='bbox 251 2192 364 2234; x_wconf 87' lang='lat' dir='ltr'><strong>liber</strong></span> <span class='ocrx_word' id='word_1_201' title='bbox 387 2209 498 2245; x_wconf 90' lang='lat' dir='ltr'><strong>sum,</strong></span> <span class='ocrx_word' id='word_1_202' title='bbox 524 2193 639 2235; x_wconf 88' lang='lat' dir='ltr'><strong>unde</strong></span> <span class='ocrx_word' id='word_1_203' title='bbox 664 2193 885 2253; x_wconf 80' lang='lat' dir='ltr'><strong>relegatus</strong></span> <span class='ocrx_word' id='word_1_204' title='bbox 906 2194 1053 2251; x_wconf 87' lang='lat' dir='ltr'><strong>quiete</strong></span> <span class='ocrx_word' id='word_1_205' title='bbox 1075 2208 1182 2234; x_wconf 77' lang='lat' dir='ltr'><strong>nova</strong></span> <span class='ocrx_word' id='word_1_206' title='bbox 1205 2191 1403 2249; x_wconf 85' lang='lat' dir='ltr'><strong>percipio</strong></span> <span class='ocrx_word' id='word_1_207' title='bbox 1429 2206 1557 2247; x_wconf 86' lang='lat' dir='ltr'><strong>quam</strong></span> 
     </span>
     <span class='ocr_line' id='line_1_27' title="bbox 67 2266 1556 2331; baseline -0.002 -22"><span class='ocrx_word' id='word_1_208' title='bbox 67 2269 223 2311; x_wconf 84' lang='lat' dir='ltr'><strong>misere</strong></span> <span class='ocrx_word' id='word_1_209' title='bbox 259 2269 415 2312; x_wconf 89' lang='lat' dir='ltr'><strong>fuerim</strong></span> <span class='ocrx_word' id='word_1_210' title='bbox 451 2271 513 2312; x_wconf 90' lang='lat' dir='ltr'><strong>ibi</strong></span> <span class='ocrx_word' id='word_1_211' title='bbox 547 2271 803 2331; x_wconf 74' lang='lat' dir='ltr'><strong>religatus³.</strong></span> <span class='ocrx_word' id='word_1_212' title='bbox 842 2290 860 2310; x_wconf 87' lang='lat'><strong><em>»</em></strong></span> <span class='ocrx_word' id='word_1_213' title='bbox 904 2272 957 2312; x_wconf 89' lang='lat' dir='ltr'><strong>Et</strong></span> <span class='ocrx_word' id='word_1_214' title='bbox 991 2279 1038 2311; x_wconf 85' lang='lat' dir='ltr'><strong>ut</strong></span> <span class='ocrx_word' id='word_1_215' title='bbox 1073 2271 1186 2311; x_wconf 89' lang='lat' dir='ltr'><strong>hane</strong></span> <span class='ocrx_word' id='word_1_216' title='bbox 1218 2266 1556 2309; x_wconf 85' lang='lat' dir='ltr'><strong>amaritudinem</strong></span> 
     </span>
    </p>

    <p class='ocr_par' dir='ltr' id='par_1_5' title="bbox 11 2343 1557 2634">
     <span class='ocr_line' id='line_1_28' title="bbox 11 2343 1557 2406; baseline -0.001 -20"><span class='ocrx_word' id='word_1_217' title='bbox 11 2390 14 2392; x_wconf 16' lang='lat' dir='ltr'>v</span> <span class='ocrx_word' id='word_1_218' title='bbox 65 2345 253 2402; x_wconf 86' lang='lat' dir='ltr'><strong>quodam</strong></span> <span class='ocrx_word' id='word_1_219' title='bbox 284 2347 414 2388; x_wconf 90' lang='lat' dir='ltr'><strong>modo</strong></span> <span class='ocrx_word' id='word_1_220' title='bbox 444 2349 653 2406; x_wconf 84' lang='lat' dir='ltr'><strong>corrigat,</strong></span> <span class='ocrx_word' id='word_1_221' title='bbox 685 2348 880 2405; x_wconf 74' lang='lat' dir='ltr'><strong>graviter</strong></span> <span class='ocrx_word' id='word_1_222' title='bbox 908 2347 1143 2388; x_wconf 89' lang='lat' dir='ltr'><strong>subridens</strong></span> <span class='ocrx_word' id='word_1_223' title='bbox 1174 2363 1182 2386; x_wconf 74' lang='grc' dir='ltr'>ε</span> <span class='ocrx_word' id='word_1_224' title='bbox 1223 2364 1243 2385; x_wconf 84' lang='grc'><strong>((</strong></span> <span class='ocrx_word' id='word_1_225' title='bbox 1278 2345 1435 2398; x_wconf 87' lang='lat' dir='ltr'><strong>Quiete</strong></span> <span class='ocrx_word' id='word_1_226' title='bbox 1463 2343 1557 2384; x_wconf 89' lang='lat' dir='ltr'><strong>dies</strong></span> 
     </span>
     <span class='ocr_line' id='line_1_29' title="bbox 65 2423 1556 2482; baseline -0.001 -20"><span class='ocrx_word' id='word_1_227' title='bbox 65 2431 186 2463; x_wconf 86' lang='lat' dir='ltr'><strong>recte</strong></span> <span class='ocrx_word' id='word_1_228' title='bbox 227 2423 423 2480; x_wconf 87' lang='lat' dir='ltr'><strong>quidem,</strong></span> <span class='ocrx_word' id='word_1_229' title='bbox 465 2425 500 2466; x_wconf 90' lang='lat' dir='ltr'><strong>si</strong></span> <span class='ocrx_word' id='word_1_230' title='bbox 530 2425 656 2482; x_wconf 87' lang='lat' dir='ltr'><strong>quies</strong></span> <span class='ocrx_word' id='word_1_231' title='bbox 685 2434 751 2466; x_wconf 89' lang='lat' dir='ltr'><strong>est</strong></span> <span class='ocrx_word' id='word_1_232' title='bbox 785 2425 916 2466; x_wconf 86' lang='lat' dir='ltr'><strong>certis</strong></span> <span class='ocrx_word' id='word_1_233' title='bbox 950 2424 1127 2465; x_wconf 88' lang='lat' dir='ltr'><strong>indiciis</strong></span> <span class='ocrx_word' id='word_1_234' title='bbox 1162 2438 1402 2480; x_wconf 76' lang='lat' dir='ltr'><strong>agnoscere</strong></span> <span class='ocrx_word' id='word_1_235' title='bbox 1438 2429 1556 2462; x_wconf 87' lang='lat' dir='ltr'><strong>tene-</strong></span> 
     </span>
     <span class='ocr_line' id='line_1_30' title="bbox 66 2498 1555 2554; baseline -0.001 -15"><span class='ocrx_word' id='word_1_236' title='bbox 66 2498 245 2541; x_wconf 88' lang='lat' dir='ltr'><strong>brarum</strong></span> <span class='ocrx_word' id='word_1_237' title='bbox 281 2501 601 2543; x_wconf 87' lang='lat' dir='ltr'><strong>absolutionem</strong></span> <span class='ocrx_word' id='word_1_238' title='bbox 642 2520 681 2542; x_wconf 89' lang='lat'><strong>».</strong></span> <span class='ocrx_word' id='word_1_239' title='bbox 719 2503 814 2544; x_wconf 79' lang='lat' dir='ltr'><strong>Non</strong></span> <span class='ocrx_word' id='word_1_240' title='bbox 854 2510 999 2542; x_wconf 79' lang='lat' dir='ltr'><strong>tamen</strong></span> <span class='ocrx_word' id='word_1_241' title='bbox 1034 2501 1079 2542; x_wconf 92' lang='lat' dir='ltr'><strong>in</strong></span> <span class='ocrx_word' id='word_1_242' title='bbox 1118 2500 1186 2541; x_wconf 88' lang='lat' dir='ltr'><strong>his</strong></span> <span class='ocrx_word' id='word_1_243' title='bbox 1221 2515 1349 2541; x_wconf 90' lang='lat' dir='ltr'><strong>omne</strong></span> <span class='ocrx_word' id='word_1_244' title='bbox 1382 2507 1555 2554; x_wconf 86' lang='lat' dir='ltr'><strong>tempus</strong></span> 
     </span>
     <span class='ocr_line' id='line_1_31' title="bbox 66 2577 1554 2634; baseline -0.002 -18"><span class='ocrx_word' id='word_1_245' title='bbox 66 2577 385 2628; x_wconf 83' lang='lat' dir='ltr'><strong>consumebat3</strong></span> <span class='ocrx_word' id='word_1_246' title='bbox 420 2579 514 2631; x_wconf 79' lang='lat' dir='ltr'><strong>sed,</strong></span> <span class='ocrx_word' id='word_1_247' title='bbox 541 2579 644 2620; x_wconf 88' lang='lat' dir='ltr'><strong>dum</strong></span> <span class='ocrx_word' id='word_1_248' title='bbox 674 2580 718 2620; x_wconf 91' lang='lat' dir='ltr'><strong>in</strong></span> <span class='ocrx_word' id='word_1_249' title='bbox 753 2579 867 2620; x_wconf 84' lang='lat' dir='ltr'><strong>libro</strong></span> <span class='ocrx_word' id='word_1_250' title='bbox 896 2594 974 2620; x_wconf 90' lang='lat' dir='ltr'><strong>suo</strong></span> <span class='ocrx_word' id='word_1_251' title='bbox 1007 2579 1072 2620; x_wconf 84' lang='lat' dir='ltr'><strong>De</strong></span> <span class='ocrx_word' id='word_1_252' title='bbox 1106 2579 1248 2634; x_wconf 74' lang='lat' dir='ltr'><strong>Nugc&#39;s</strong></span> <span class='ocrx_word' id='word_1_253' title='bbox 1281 2585 1324 2618; x_wconf 89' lang='lat' dir='ltr'><strong>et</strong></span> <span class='ocrx_word' id='word_1_254' title='bbox 1357 2590 1554 2617; x_wconf 84' lang='lat' dir='ltr'><strong>severum</strong></span> 
     </span>
    </p>
   </div>
   <div class='ocr_carea' id='block_1_4' title="bbox 66 2652 1555 2715">
    <p class='ocr_par' dir='ltr' id='par_1_6' title="bbox 66 2652 1555 2715">
     <span class='ocr_line' id='line_1_32' title="bbox 66 2652 1555 2715; baseline -0.001 -23"><span class='ocrx_word' id='word_1_255' title='bbox 66 2653 346 2696; x_wconf 86' lang='lat' dir='ltr'><strong>sacerdotem</strong></span> <span class='ocrx_word' id='word_1_256' title='bbox 376 2670 420 2696; x_wconf 88' lang='lat' dir='ltr'><strong>se</strong></span> <span class='ocrx_word' id='word_1_257' title='bbox 449 2663 491 2696; x_wconf 86' lang='lat' dir='ltr'><strong>et</strong></span> <span class='ocrx_word' id='word_1_258' title='bbox 524 2664 697 2715; x_wconf 85' lang='lat' dir='ltr'><strong>gratum</strong></span> <span class='ocrx_word' id='word_1_259' title='bbox 731 2656 1007 2715; x_wconf 83' lang='lat' dir='ltr'><strong>indulgentia</strong></span> <span class='ocrx_word' id='word_1_260' title='bbox 1031 2654 1216 2714; x_wconf 88' lang='lat' dir='ltr'><strong>quadam</strong></span> <span class='ocrx_word' id='word_1_261' title='bbox 1239 2652 1555 2711; x_wconf 89' lang='lat' dir='ltr'><strong>philosophum</strong></span> 
     </span>
    </p>
   </div>
   <div class='ocr_carea' id='block_1_5' title="bbox 54 2803 917 2942">
    <p class='ocr_par' dir='ltr' id='par_1_7' title="bbox 54 2803 917 2942">
     <span class='ocr_line' id='line_1_33' title="bbox 105 2803 639 2847; baseline 0.004 -13"><span class='ocrx_word' id='word_1_262' title='bbox 105 2803 135 2834; x_wconf 87' lang='lat'><strong>1.</strong></span> <span class='ocrx_word' id='word_1_263' title='bbox 159 2806 206 2834; x_wconf 89' lang='lat' dir='ltr'><strong>De</strong></span> <span class='ocrx_word' id='word_1_264' title='bbox 223 2805 342 2847; x_wconf 77' lang='lat' dir='ltr'><strong>Nugis‚</strong></span> <span class='ocrx_word' id='word_1_265' title='bbox 362 2815 396 2845; x_wconf 93' lang='lat' dir='ltr'><strong>p.</strong></span> <span class='ocrx_word' id='word_1_266' title='bbox 419 2806 469 2841; x_wconf 83' lang='lat'><strong>22,</strong></span> <span class='ocrx_word' id='word_1_267' title='bbox 492 2806 543 2844; x_wconf 78' lang='lat'><strong>23,</strong></span> <span class='ocrx_word' id='word_1_268' title='bbox 570 2807 639 2837; x_wconf 82' lang='lat'><strong>139.</strong></span> 
     </span>
     <span class='ocr_line' id='line_1_34' title="bbox 54 2851 917 2895; baseline 0.005 -14"><span class='ocrx_word' id='word_1_269' title='bbox 54 2860 59 2865; x_wconf 86' lang='lat'><strong>·</strong></span> <span class='ocrx_word' id='word_1_270' title='bbox 104 2851 136 2882; x_wconf 84' lang='lat'><strong>2.</strong></span> <span class='ocrx_word' id='word_1_271' title='bbox 156 2852 322 2883; x_wconf 78' lang='lat' dir='ltr'><strong>Biblioth.</strong></span> <span class='ocrx_word' id='word_1_272' title='bbox 342 2852 484 2883; x_wconf 78' lang='lat' dir='ltr'><strong>scholae</strong></span> <span class='ocrx_word' id='word_1_273' title='bbox 507 2853 635 2891; x_wconf 62' lang='lat' dir='ltr'><strong>chart„</strong></span> <span class='ocrx_word' id='word_1_274' title='bbox 658 2859 682 2885; x_wconf 88' lang='lat' dir='ltr'><strong>t.</strong></span> <span class='ocrx_word' id='word_1_275' title='bbox 705 2854 766 2893; x_wconf 87' lang='lat'><strong>111,</strong></span> <span class='ocrx_word' id='word_1_276' title='bbox 788 2865 822 2895; x_wconf 89' lang='lat' dir='ltr'><strong>p.</strong></span> <span class='ocrx_word' id='word_1_277' title='bbox 846 2855 917 2885; x_wconf 78' lang='lat'><strong>131.</strong></span> 
     </span>
     <span class='ocr_line' id='line_1_35' title="bbox 107 2900 487 2942; baseline 0.003 -12"><span class='ocrx_word' id='word_1_278' title='bbox 107 2900 138 2930; x_wconf 89' lang='lat'><strong>3.</strong></span> <span class='ocrx_word' id='word_1_279' title='bbox 158 2901 205 2930; x_wconf 90' lang='lat' dir='ltr'><strong>De</strong></span> <span class='ocrx_word' id='word_1_280' title='bbox 221 2900 340 2942; x_wconf 74' lang='lat' dir='ltr'><strong>Nugis,</strong></span> <span class='ocrx_word' id='word_1_281' title='bbox 362 2911 397 2940; x_wconf 92' lang='lat' dir='ltr'><strong>p.</strong></span> <span class='ocrx_word' id='word_1_282' title='bbox 417 2901 487 2931; x_wconf 76' lang='lat'><strong>141.</strong></span> 
     </span>
    </p>
   </div>
  </div>
 </body>
</html>
