1842 3288
224 352 281 381 188
725 354 775 379 DF,
807 355 1032 380 WALTEMO
1067 355 1224 381 MAPPlo

284 440 373 480 Illis
407 447 494 479 tam
530 439 700 480 acerbis
734 439 879 479 verbis
913 438 1086 479 divinus
1119 439 1231 480 liber
1266 439 1431 481 sinitur.
1469 441 1713 484 VValterius

221 517 424 573 Mappius
446 525 538 556 tum
562 517 657 572 rapi
679 516 721 556 in
745 515 913 556 coelum
938 516 1022 556 sibi
1045 515 1162 556 visus
1185 524 1272 566 est;
1291 517 1513 558 coelorum
1531 519 1715 574 abyssos

220 593 482 650 permeavit3
507 593 797 650 cogitationes
820 601 1019 633 aeternas
1044 592 1164 641 iniit;
1187 593 1368 649 judiciis
1391 593 1552 635 (livinis
1576 594 1716 635 inter-

221 670 322 719 fuit3
343 686 439 710 cum
462 669 585 726 puris
601 669 832 726 spiritibus
854 669 1069 710 coenavit.
1096 669 1265 710 Deinde
1289 670 1331 710 in
1354 678 1515 711 terram
1532 671 1710 712 tandem

221 747 418 804 relapsus
442 763 463 787 e
492 763 645 787 somno
675 762 882 787 excussus
912 754 977 786 est
1005 747 1085 786 sub
1115 746 1285 787 arboris
1316 747 1484 796 umbra,
1517 748 1597 788 sub
1629 763 1712 805 qua

220 824 349 880 paulo
390 833 488 864 ante
523 824 786 864 recubuerat
814 824 838 862 ¹.
876 824 934 864 Ea
971 831 1038 863 est
1070 823 1271 881 Magistri
1306 823 1509 867 Walterii
1545 825 1714 882 Mappii

219 901 524 958 Apocalypsis.

279 974 406 1027 Quod
435 989 589 1030 poema
624 974 771 1031 magni
800 989 894 1014 esse
931 974 1139 1014 momenti
1167 974 1368 1015 historici
1403 990 1491 1015 non
1525 983 1714 1034 negatur

219 1067 296 1092 nec
319 1051 471 1109 negari
496 1059 655 1107 potest.
682 1051 844 1091 Auctor
874 1048 968 1091 ‘sine
997 1050 1131 1092 dubio
1161 1067 1241 1092 nec
1270 1051 1405 1092 refert
1433 1067 1515 1092 nec
1545 1051 1711 1093 referre

218 1129 261 1169 in
290 1128 434 1169 animo
467 1128 599 1169 habet
628 1144 774 1169 veram
804 1136 846 1168 et
873 1137 1066 1168 exactam
1098 1128 1204 1168 cleri
1234 1128 1424 1169 universi
1455 1129 1500 1169 in
1536 1128 1711 1170 saeculo

218 1212 296 1246 Χ11ο
333 1205 540 1263 effigiem.
579 1206 649 1248 W.
689 1205 894 1262 Mappius
936 1205 1078 1246 noluit
1118 1220 1367 1246 asseverare
1412 1205 1565 1246 eadem
1607 1205 1712 1247 vitia

218 1279 349 1323 fuisse
379 1283 542 1339 ubique
566 1291 608 1322 et
629 1283 794 1338 pariter
817 1280 991 1322 diffusa.
1019 1283 1141 1338 Opus
1165 1298 1269 1339 ergo
1296 1284 1389 1338 ejus
1412 1297 1499 1323 non
1522 1290 1588 1323 est
1608 1299 1709 1324 vera

218 1360 387 1414 species
422 1359 643 1400 Ecclesiae
681 1359 724 1399 in
759 1358 933 1399 saeculo
969 1366 1064 1409 xn⁰‚
1099 1358 1175 1399 sed
1207 1358 1432 1399 redactum
1467 1359 1512 1399 in
1547 1375 1710 1416 paucas

219 1437 404 1494 paginas
418 1436 747 1493 compendium,
762 1437 803 1477 in
819 1452 981 1495 genere
999 1436 1213 1492 scriptum
1229 1444 1270 1476 et
1283 1436 1407 1492 quasi
1420 1437 1706 1484 abstractum,

218 1513 514 1570 periculorum
538 1529 648 1569 quae
673 1513 865 1553 moribus
889 1513 1242 1554 Christianorum
1266 1513 1570 1554 imminebant.
1598 1514 1652 1554 Et
1673 1514 1711 1554 si

217 1590 521 1631 indubitanter
554 1590 597 1630 in
643 1590 738 1631 aliis
773 1590 1042 1630 carminibus
1064 1591 1093 1637 ²,
1134 1590 1246 1630 sicut
1282 1598 1324 1630 et
1366 1589 1410 1630 in
1444 1590 1707 1647 quibusdam

215 1666 361 1722 operis
397 1666 461 1707 De
497 1666 638 1722 Nugis
675 1665 897 1722 capitulis,
936 1681 1089 1706 omnes
1131 1665 1407 1723 singulorum
1441 1665 1705 1707 clericorum

214 1743 377 1784 saeculi
409 1742 482 1784 xni
512 1743 694 1784 virtutes
722 1751 998 1801 agnosceret,
1029 1744 1100 1786 W.
1136 1743 1339 1800 Mappius
1369 1742 1507 1783 voluit
1536 1751 1707 1784 tantum

214 1820 528 1877 compendiose
556 1829 597 1861 et
629 1820 708 1861 sub
732 1819 967 1877 allegoriae
994 1819 1090 1860 velo
1116 1819 1282 1877 flagitia
1309 1819 1600 1876 quorumdam
1625 1835 1708 1860 no-

210 1907 321 1949 tare,
341 1913 528 1955 quorum
546 1897 782 1954 peculiaris
803 1897 1034 1954 turpitudo
1056 1897 1291 1938 clamorem
1314 1898 1367 1937 ab
1384 1897 1480 1953 ipso
1501 1896 1708 1938 eliciebat

211 1976 387 2016 iratum.
430 1974 720 2031 Apocalypsis
761 1990 848 2014 non
888 1982 1058 2015 tantum
1103 1990 1253 2014 verum
1294 1974 1502 2015 historiae
1556 1990 1705 2015 monu-

213 2061 405 2093 mentum
441 2060 522 2102 est,
557 2051 633 2091 sed
667 2051 796 2091 etiam
826 2050 951 2092 fortis
980 2051 1114 2091 animi
1151 2051 1342 2091 auctoris
1370 2050 1701 2093 documentum.

210 2132 282 2173 W.
317 2128 543 2185 Mappium
579 2128 674 2168 Sese
704 2127 798 2168 velo
833 2128 1030 2185 alioquin
1060 2127 1183 2168 valde
1221 2127 1343 2168 tenui
1379 2127 1476 2168 salsi
1511 2128 1704 2169 nominis

211 2205 453 2246 occultasse
477 2205 632 2245 melius
662 2213 805 2246 mente
829 2205 1068 2261 concipies,
1101 2220 1287 2262 eumque
1311 2220 1487 2246 curasse
1506 2214 1554 2246 ut
1580 2205 1704 2246 iden-

209 2282 343 2322 tidem
379 2282 594 2322 indicaret
628 2291 777 2338 aperte
807 2298 916 2338 quos
951 2282 1258 2331 insectaretur,
1291 2297 1424 2339 seque
1455 2299 1475 2321 «
1504 2282 1700 2341 gladium

208 2359 411 2399 virtutis3
440 2377 460 2397 ))
496 2359 794 2416 profiteretur,
826 2359 862 2399 si
897 2359 1210 2417 recogitaveris
1245 2359 1405 2416 quibus
1437 2359 1700 2401 criminibus

208 2444 337 2492 atque
376 2435 585 2492 periculis
624 2436 802 2476 obnoxii
835 2436 997 2476 fuerint
1037 2436 1117 2476 viri
1149 2435 1380 2493 praeclari,
1415 2436 1491 2493 qui
1523 2436 1568 2476 in
1600 2436 1699 2477 sinu
1747 2447 1751 2452 ”

207 2512 551 2554 Universitatum
604 2512 797 2569 pericula
851 2512 1072 2553 Ecclesiae
1130 2513 1405 2554 imminentia
1464 2512 1699 2554 denuntia-

205 2588 310 2630 rint.
343 2589 542 2645 Denique
573 2589 762 2630 lucidius
791 2589 1000 2645 dispicies
1036 2605 1121 2646 quo
1150 2589 1306 2630 ardore
1335 2589 1505 2631 incensi
1534 2589 1699 2631 fuerint

206 2665 380 2706 saeculo
411 2671 489 2706 xl1⁰
522 2666 715 2707 virorum
750 2666 922 2723 piorum
957 2666 1107 2714 animi,
1143 2668 1178 2707 si
1210 2667 1572 2708 animadverteris
1609 2682 1698 2707 uno

245 2813 274 2843 1.
294 2816 466 2849 Poemata,
492 2825 526 2854 p.
547 2814 597 2844 20.

245 2860 273 2890 2.
297 2861 383 2890 lbid,
407 2861 446 2897 Q.
469 2872 503 2901 p.
525 2864 575 2897 55,
597 2861 657 2891 ubi
673 2861 917 2891 describuntur
938 2861 1010 2891 veri
1033 2861 1205 2891 monachi.

244 2909 272 2938 3.
292 2908 391 2941 ibid..
413 2920 446 2949 p.
467 2909 515 2939 52.
