1842 3288
279 300 336 331 114
772 299 823 324 DE
856 299 1080 325 WAL'rEmo
1115 299 1271 325 MAPPlo

275 400 318 433 et
348 388 541 447 jucunda
574 387 735 443 scripta
775 384 980 426 laudibus
1020 385 1218 426 maximis
1253 385 1457 442 aequales
1493 391 1762 441 ornaverint,

275 469 486 509 fateamur
515 478 693 505 necesse
723 470 789 503 est
820 462 1026 503 omnibus
1054 461 1251 503 eamdem
1286 462 1400 504 hane
1435 463 1570 506 fuisse
1597 466 1765 508 timidi-

272 553 421 592 tatem,
473 557 552 583 nec
592 555 743 581 ausum
785 554 878 579 esse
916 554 1181 596 quemquam
1230 538 1417 580 alienam
1459 543 1762 585 auctoritatem

272 635 502 678 respuere,
533 633 630 659 cum
664 615 986 657 litteratissime
1020 615 1177 673 cuique
1205 615 1297 656 visa
1326 617 1383 657 sit
1419 617 1763 661 immortalitatis

272 696 481 739 memoria
527 694 759 744 destinata,
806 692 842 732 si
888 707 1016 749 quam
1062 692 1277 748 plurimos
1321 708 1366 733 se
1416 693 1552 735 libros
1597 695 1759 754 legisse

270 773 541 816 ostenderet.

329 853 467 904 Quam
492 848 637 890 onmia
660 862 776 888 nune
799 853 960 886 mutata
984 845 1106 886 sunt!
1130 846 1362 887 citationes
1385 862 1542 904 nempe
1565 848 1755 898 odimus,

267 937 419 986 utpote
459 942 568 984 quae
607 940 737 981 saepe
767 922 962 964 taedium
991 920 1191 970 afferant,
1228 939 1325 964 raro
1357 924 1595 965 novitatem
1625 925 1755 967 ullam

267 1006 398 1046 rebus
448 1003 626 1044 addant.
671 1002 760 1043 Nos
807 1000 937 1041 etiam
983 999 1202 1049 taederet,
1249 1001 1284 1041 si
1322 1000 1484 1042 librum
1517 1001 1583 1043 De
1618 1003 1760 1060 Nugis

268 1083 480 1139 scriptum
521 1080 793 1138 legeremus,
837 1076 1144 1118 obscuriorum
1192 1092 1239 1117 ac
1274 1077 1525 1135 longiorum
1555 1079 1757 1123 W'alterii

266 1157 646 1200 dissertationum,

325 1236 475 1278 Nescit
516 1234 630 1275 enim
665 1231 908 1276 VValterius
951 1229 1057 1287 quid
1102 1230 1179 1278 sit,
1223 1231 1488 1272 sententiam
1525 1233 1757 1289 quamdam

266 1314 321 1356 ita
362 1320 567 1354 excutere
608 1318 654 1351 ut
691 1309 807 1350 clare
851 1315 1060 1364 appareat
1098 1309 1191 1363 ejus
1239 1315 1281 1348 et
1323 1323 1425 1349 vera
1471 1309 1668 1365 species,
1716 1319 1758 1351 et

264 1392 344 1441 vis,
391 1399 432 1431 et
477 1387 668 1445 pondus.
718 1385 837 1427 Nihil
889 1385 1002 1426 valet
1056 1399 1124 1424 res
1177 1399 1229 1424 ex
1278 1384 1432 1425 ordine
1485 1387 1754 1442 exprimere3

265 1483 345 1508 nec
375 1467 410 1508 si
443 1466 545 1507 velit
576 1464 882 1505 demonstrare
907 1461 1083 1503 Curiam
1113 1461 1482 1503 contemnendam
1506 1478 1616 1512 esse,
1653 1463 1754 1504 dum

266 1544 422 1585 multas
475 1540 716 1583 sententias
769 1548 898 1596 atque
944 1537 1257 1579 similitudines
1311 1546 1539 1596 congeret,
1586 1541 1757 1581 curabit

264 1620 487 1678 quomodo
527 1620 642 1660 inter
685 1632 729 1658 se
770 1615 989 1656 contineri
1029 1614 1203 1671 possint
1240 1631 1247 1654 :
1293 1632 1313 1654 «
1350 1617 1465 1656 Haec
1503 1615 1555 1657 de
1597 1617 1755 1658 Curiae

263 1715 373 1756 quae
409 1697 624 1747 videmus,
656 1695 731 1743 ait,
756 1701 985 1734 testamur.
1012 1691 1350 1733 Absolutionem
1389 1701 1534 1733 autem
1567 1693 1754 1750 ignium,

262 1775 527 1816 densitatem
568 1772 875 1821 tenebrarum,
920 1768 1149 1810 fluminum
1188 1768 1423 1817 foetorem,
1467 1769 1679 1811 stridores
1734 1787 1754 1811 a

263 1852 552 1893 daemonibus
612 1863 822 1908 magnum
881 1846 1102 1894 dentium,
1158 1845 1354 1886 omnium
1409 1846 1657 1903 viperarum
1715 1856 1758 1888 et

262 1930 471 1988 anguium
531 1936 573 1968 et
631 1925 773 1967 omnis
826 1923 1000 1981 reptilis
1044 1931 1212 1964 tractus
1269 1922 1442 1973 foedos,
1493 1931 1535 1964 et
1585 1924 1757 1982 rugitus

261 2007 438 2064 impios,
470 2005 701 2053 foetorem,
732 2002 976 2059 planctum,
1008 2008 1050 2041 et
1081 2000 1330 2048 horrorem,
1362 2016 1440 2056 per
1475 2000 1690 2060 singulas,
1721 2002 1755 2042 si

261 2100 339 2140 per
379 2082 636 2141 allegoriam
677 2080 850 2137 aperire
889 2077 1042 2127 velim,
1086 2078 1131 2117 in
1172 2077 1412 2118 curialibus
1459 2093 1547 2118 non
1594 2078 1756 2119 desunt

262 2161 369 2202 mihi
392 2158 756 2219 significationes,
786 2155 863 2197 sed
890 2154 1106 2212 longioris
1131 2163 1232 2194 sunt
1256 2154 1468 2211 temporis
1491 2170 1620 2211 quam
1644 2155 1751 2196 mihi

259 2253 411 2279 vacare
444 2236 658 2277 videam1.
688 2252 708 2273 ))
745 2232 1011 2282 Walterius,
1049 2231 1129 2271 etsi
1167 2231 1220 2271 de
1263 2247 1307 2272 re
1339 2240 1543 2272 concreta
1577 2232 1748 2279 scribit,

261 2314 527 2373 imaginibus
555 2322 703 2353 tamen
733 2318 805 2352 aut
839 2309 1022 2366 proprio
1054 2308 1234 2367 ingenio
1270 2323 1348 2349 suo
1379 2307 1570 2349 inventis
1599 2317 1672 2349 aut
1699 2309 1751 2349 ab

261 2391 513 2433 auctoribus
556 2389 710 2430 alienis
749 2387 899 2445 petitis
931 2385 1180 2442 implicatus
1221 2393 1351 2442 atque
1394 2384 1634 2441 impeditus
1669 2394 1749 2426 est.

261 2470 436 2522 Quanto
478 2483 584 2526 ergo
620 2465 759 2524 magis
799 2463 1070 2521 implicatus,
1120 2470 1285 2518 quanto
1331 2462 1470 2519 magis
1516 2461 1755 2519 impeditus

261 2546 431 2587 futurus
461 2553 543 2595 est,
576 2544 611 2584 si
648 2543 812 2583 scribat
845 2541 897 2582 de
934 2540 1165 2581 abstractis
1195 2539 1344 2580 rebus.
1376 2539 1452 2579 His
1481 2547 1625 2580 autem
1659 2538 1757 2579 dili-

262 2630 419 2681 genter
455 2621 681 2670 abhorret,
718 2634 798 2660 nec
833 2618 877 2658 in
912 2617 1026 2657 libro
1069 2632 1146 2656 suo
1185 2615 1250 2656 De
1294 2615 1436 2672 IVagis
1476 2614 1595 2656 aliud
1627 2630 1754 2672 quam

259 2699 399 2755 ipsam
428 2697 774 2754 descriptionem
805 2710 952 2736 rerum
981 2693 1125 2734 facere
1153 2708 1348 2749 unquam
1375 2699 1531 2733 tentat.
1564 2691 1693 2744 Quod
1721 2691 1756 2732 si

304 2866 332 2896 1.
351 2867 397 2896 De
414 2864 535 2906 Nugis,
560 2874 595 2904 p.
622 2863 672 2893 10.
