1842 3288
278 312 335 341 174
773 318 823 342 nr:
856 317 1081 343 WALTEMO
1116 318 1270 342 Marino

276 401 464 458 quodam
502 402 767 442 monasterio
805 418 978 443 scurras
1019 401 1230 459 agendo¹,
1270 402 1356 443 sive
1395 403 1522 443 etiam
1563 403 1770 461 regiones

274 494 371 518 cum
403 478 585 518 canticis
621 479 891 535 pererrando
907 480 934 528 ⁶³,
968 480 1128 519 victum
1163 479 1376 519 incertum
1413 479 1465 520 ad
1505 480 1633 520 vitam
1667 480 1771 521 libi-

275 554 473 594 dinosam
502 556 833 596 sustentandam
859 556 942 596 sibi
967 557 1262 612 quacrebant3
1287 572 1372 612 quo
1402 565 1546 612 pacto,
1572 557 1766 614 inquam,

276 646 359 671 non
386 631 493 672 istos
525 632 788 673 Guliardos³
806 649 1096 690 agnoscamus
1120 634 1162 673 in
1185 632 1386 673 versibus
1409 634 1570 689 quibus
1594 634 1774 691 ignotus

273 707 451 764 quidam
484 718 612 764 poeta
652 709 798 749 xeibis
830 709 975 757 nudis,
1009 710 1213 750 brevibus
1243 709 1460 757 versibus,
1494 709 1767 751 sacerdotem

276 785 386 841 depi
391 794 558 826 avatum
583 786 838 845 sug‹1illit“‚
868 803 987 827 suam
1020 787 1158 842 ipsius
1189 787 1390 827 miseram
1413 787 1542 826 vitam
1574 787 1769 844 strophis

274 861 510 903 modulatis
542 872 583 903 ct
618 863 850 919 permultis
875 863 986 918 jocis
1021 862 1481 919 alliterationibusque
1519 862 1765 921 depingit-³,

272 939 481 980 viatorem
520 939 704 979 amicum
743 941 861 979 socio
902 940 1196 989 commendat,
1235 940 1485 996 improbum
1522 947 1644 980 notat
1674 939 1766 980 col-

270 1015 454 1074 legamf‘,
493 1025 564 1056 aut
611 1032 655 1056 sc
688 1017 870 1072 praebet
900 1016 1133 1057 facundum
1164 1016 1470 1057 defensorem⁷
1504 1017 1765 1057 clericorum

269 1092 542 1149 anglicorum
573 1092 765 1133 dulcium
802 1109 975 1134 suarum
1001 1094 1310 1149 forariarnm⁸
1342 1093 1584 1134 absentiam
1615 1093 1764 1150 deplo-

270 1169 490 1210 rantium?
523 1171 616 1212 Una
652 1186 747 1210 cum
793 1170 878 1210 illis
913 1170 1200 1217 carminibus,
1241 1186 1350 1227 quae
1395 1170 1557 1211 nullius
1593 1171 1765 1227 poetica

270 1247 502 1296 momenti,
550 1247 695 1304 magni
749 1255 890 1287 autem
936 1256 1036 1287 sunt
1085 1247 1287 1287 historici
1326 1247 1510 1298 valoris,
1549 1256 1764 1304 apparent

269 1323 353 1363 alia
390 1323 474 1363 duo
517 1339 679 1380 genera
717 1332 967 1380 poematum
1005 1339 1091 1363 non
1139 1339 1274 1379 aeque
1324 1323 1603 1381 ignobilium.
1649 1325 1764 1365 Haec

311 1498 337 1527 1.
367 1498 548 1530 Mastane
585 1498 677 1527 leeS.
704 1498 845 1535 Qum!
871 1503 894 1527 t.
923 1498 977 1533 IV
1010 1498 1075 1528 eol
1103 1499 1159 1527 707
1193 1504 1226 1528 et
1253 1499 1322 1528 72‘).
1352 1498 1519 1528 Masteire
1549 1502 1582 1527 et
1609 1498 1763 1533 Durand

267 1545 435 1585 Anipliss.
458 1545 553 1581 coll.,
578 1550 602 1575 t.
626 1545 698 1579 VII
722 1545 787 1576 e›l.
813 1522 883 1583 117
906 1546 1061 1575 reiciunt
1088 1545 1323 1575 Conciliorum
1351 1545 1490 1576 decreta
1517 1545 1671 1575 vetantia
1697 1545 1765 1575 cle-

268 1592 359 1621 iicos
385 1592 460 1622 fie1i
482 1592 667 1623 Goliaidos
694 1597 753 1622 aut
771 1603 922 1622 seuiras

306 1640 335 1670 2.
356 1640 394 1671 D.
413 1640 581 1680 Bouquet‚
604 1644 628 1670 t.
652 1640 755 1677 XVII,
774 1650 807 1679 p
830 1641 899 1670 363.
923 1640 1016 1669 Piers
1042 1639 1289 1681 Plnuglimann.
1314 1641 1383 1671 L.”
1370 1642 1416 1676 77,
1437 1639 1659 1680 ed.Wright;
1681 1642 1764 1669 Can—

266 1687 405 1727 terbzzry
431 1687 539 1723 Tales,
560 1688 631 1722 562,
658 1687 711 1717 ed.
734 1688 815 1726 Tyr,
838 1698 895 1717 eos
917 1687 1114 1717 assimilant
1137 1687 1340 1717 cantoribus
1361 1687 1512 1717 clericis.

306 1736 336 1764 3.
357 1735 519 1775 Ducange
542 1746 608 1764 non
633 1739 752 1775 aperte
775 1745 874 1764 suam
894 1735 1101 1764 sententiam
1119 1735 1233 1775 aperit
1254 1736 1294 1765 dc
1311 1735 1524 1776 etymologia
1538 1734 1642 1774 hujus
1663 1745 1764 1765 voca-

264 1781 348 1812 buli.
372 1782 466 1812 Nihil
494 1787 545 1812 est
573 1782 664 1821 quod
689 1782 849 1812 absolute
876 1781 1083 1825 concludere
1114 1782 1205 1812 sinat
1237 1782 1492 1812 G‹›lia1·densem
1522 1781 1618 1813 Golia
1647 1785 1761 1812 ortum

263 1829 388 1859 ducere
412 1830 638 1870 potiusquam
661 1831 679 1859 a
706 1829 805 1859 Gula.

303 1905 333 1934 4,
689 1904 794 1928 Plenus
816 1905 910 1933 sorde,
932 1904 1034 1937 plenus
1050 1904 1172 1933 mendis,

690 1946 734 1970 Ad
754 1950 898 1970 auctorem
920 1955 1021 1970 manus
1041 1946 1146 1973 tendis,

689 1987 779 2015 Quem
794 1988 964 2015 contemnis,
988 1996 1072 2020 quem
1087 1987 1220 2014 offendis„

692 2028 836 2053 Meretrici
855 2029 922 2052 duni
944 2029 1074 2053 ascendis
1079 2048 1131 2054 .....

691 2070 872 2095 Sacerdotem
895 2070 1081 2095 Gomorreum

691 2113 783 2144 Super
802 2120 900 2136 omnes
921 2112 984 2136 dico
1003 2120 1092 2139 reum,

688 2154 745 2178 Sed
765 2153 840 2178 hunc
862 2153 952 2185 magis
971 2154 1137 2185 pliariseum
1152 2153 1186 2185 (I,
1208 2154 1232 2180 9.
1252 2162 1279 2186 p.
1299 2153 1331 2176 49
1353 2158 1378 2177 et
1397 2152 1443 2186 51)

302 2276 491 2333 7:11‚12
528 2298 577 2334 14,
611 2298 659 2333 15,
693 2298 742 2332 16
776 2298 824 2328 17
855 2298 1018 2327 Poemata
1048 2297 1115 2327 ista
1146 2297 1263 2327 varias
1296 2296 1446 2327 induunt
1479 2297 1622 2335 formas,
1653 2297 1759 2327 modo

260 2346 411 2381 fabulae,
442 2345 542 2374 modo
571 2345 761 2385 soliloquii,
787 2349 819 2375 et
844 2345 1031 2384 praecipue
1060 2344 1204 2384 dialogi.
1230 2329 1343 2380 Qutim
1377 2343 1507 2383 frigida
1538 2344 1607 2373 sint
1635 2343 1757 2374 istius·

260 2392 353 2423 modi
373 2393 516 2423 horiida
538 2403 655 2432 opera,
678 2393 787 2422 lector
809 2392 1005 2432 comperire
1021 2391 1152 2432 poterit
1171 2403 1210 2421 ex
1230 2392 1304 2421 loco
1328 2392 1422 2421 infra
1439 2390 1544 2421 citato
1569 2401 1573 2406 ·

577 2460 625 2485 Ait
645 2460 777 2485 cellarius
796 2469 802 2484 :
824 2470 835 2483 «
856 2460 920 2485 Non
937 2465 1030 2492 potest
1047 2460 1099 2484 hoc
1114 2460 1254 2487 transire:

577 2502 622 2527 Me
640 2502 712 2535 regit
729 2511 785 2526 una
806 2502 907 2529 bestia.
930 2502 1053 2526 sinerem
1073 2501 1169 2529 salire,

298 2550 299 2575 l
578 2543 634 2568 Sed
652 2542 787 2567 meretrix
806 2542 955 2567 monocula
973 2543 1067 2566 renuit
1085 2543 1181 2571 abire;

298 2586 299 2603 l
316 2578 327 2602 f
578 2585 648 2609 Cum
666 2572 776 2626 senioris
793 2593 882 2616 coqua
898 2592 1030 2616 cuperem
1051 2583 1185 2608 cambire.
1208 2594 1218 2605 ιι

576 2627 654 2650 Tunc
673 2626 701 2649 in
717 2625 886 2650 consistorio
903 2634 1002 2649 omnes
1023 2625 1160 2649 corrisere
1184 2635 1188 2648 :

572 2679 588 2690 «
608 2667 669 2691 En!
689 2672 787 2691 noster
808 2666 939 2690 cellarius
957 2675 1013 2689 non
1029 2672 1070 2690 est
1087 2666 1192 2690 stultus
1214 2675 1289 2693 vere,

576 2708 667 2737 Quod.
684 2717 735 2740 pro
751 2713 813 2732 cute
831 2708 966 2740 pessima,
989 2715 1074 2739 quam
1092 2707 1191 2740 nequit
1208 2706 1359 2738 consssere,

577 2750 704 2775 Senioris
721 2749 845 2782 lepidam
865 2749 969 2781 cogitat
985 2749 1090 2773 habere
1109 2758 1120 2772 »
1140 2748 1179 2782 (p.
1202 2748 1274 2782 175).

297 2820 326 2849 8.
350 2818 396 2848 De
423 2817 614 2849 Goliadicis
645 2816 865 2857 poematibus
893 2816 1097 2846 consulatur
1124 2816 1302 2856 Langlois,
1326 2817 1434 2846 Revue
1463 2815 1576 2852 Bleue,
1606 2816 1698 2855 1893,
1724 2815 1754 2854 1,

254 2876 290 2906 p.
325 2866 397 2895 174.
424 2884 464 2888 —
492 2865 636 2895 Marold.
662 2863 826 2905 (Deutsch
854 2863 992 2899 Philof.‚
1017 2863 1137 2901 XXIII,
1161 2864 1253 2902 1897,
1279 2874 1314 2903 p.
1337 2863 1435 2903 1-26).
