1873 3329
364 302 664 328 FanuLosAnUM
701 301 1004 327 NAnnATioNUM
1041 301 1270 326 SCRIPTORE
1505 296 1562 325 153

76 397 271 446 usurpat.
303 389 349 428 ln
373 386 522 428 eadem
554 387 682 432 linea„
717 386 976 426 indicativus
1002 385 1156 426 modus
1189 395 1229 426 et
1258 386 1562 441 subjunctivus

75 473 321 522 sequuntur
352 484 369 502 «
417 465 507 504 scio
543 482 562 501 »
605 472 677 504 aut
715 482 730 498 «
768 463 916 503 nescio
948 462 1084 519 quid¹
1118 480 1168 511 »3
1207 464 1563 518 conjunctionem

73 545 177 600 quia
209 541 471 582 indicativus
512 550 554 581 et
591 539 896 595 subjunctivus
931 555 1013 579 una
1043 539 1353 580 comitantur-².
1386 540 1566 596 Mappio

69 618 234 676 judice,
261 618 424 659 nullius
449 616 657 658 momenti
688 632 783 656 esse
811 615 1014 656 videntur
1049 615 1168 672 leges
1198 617 1357 673 quibus
1385 616 1564 673 obliqua

76 695 267 736 narratio
302 695 485 753 regitur,
517 709 612 734 eum
648 709 718 733 cas
753 692 936 733 arbitrio
970 708 1048 732 suo
1085 701 1227 733 servet
1266 701 1339 733 aut
1366 709 1565 750 perrum-

77 772 193 829 pat³.
222 773 310 812 lloc
341 780 481 812 autem
505 778 571 810 est
598 769 905 826 gravissimum
929 777 972 809 et
993 768 1047 809 de
1075 768 1291 810 latinitate
1321 769 1422 810 libri
1454 769 1565 809 mul-

77 858 167 889 tum
199 848 405 896 detrahit,
438 846 555 904 quod
577 855 728 887 auctor
759 845 918 886 latinae
947 845 1120 903 linguae
1155 846 1412 903 praecipuas
1442 854 1566 886 notas

80 941 166 965 non
203 924 332 965 modo
361 931 579 972 attenuat,
611 922 687 963 sed
718 922 955 979 aliquando
990 923 1118 963 etiam
1154 923 1286 964 delet.
1315 924 1360 965 Si
1394 923 1565 964 duobus

77 1001 223 1042 verbis
253 1001 404 1051 utitur,
431 1015 617 1057 quorum
641 999 829 1040 alterum
853 1000 905 1040 ab
928 1000 1064 1040 altero
1088 999 1295 1057 pendeat,
1320 1000 1566 1057 expeditius

77 1077 138 1118 illi
186 1086 250 1119 est
290 1077 526 1135 posteriori
573 1076 837 1117 infinitivum
885 1076 1061 1117 modum
1105 1092 1278 1134 semper
1319 1077 1565 1133 imponere,

78 1170 220 1212 neque
248 1154 291 1195 id
314 1154 431 1212 quod
454 1155 496 1195 in
519 1153 595 1194 tali
618 1169 720 1194 casu
749 1154 1034 1210 grammatica
1058 1154 1291 1210 praecipit,
1324 1153 1412 1194 ullo
1440 1154 1568 1194 modo

76 1239 216 1279 curat,
249 1247 365 1272 nunc
400 1247 523 1272 suum
558 1231 861 1288 conjunctioni
896 1241 942 1271 nt
976 1246 1133 1271 munus
1173 1230 1420 1279 auscrens‘,
1452 1246 1568 1271 nunc

80 1323 236 1349 cavens
256 1324 309 1349 ne
334 1307 374 1348 in
406 1308 641 1349 verborum
669 1315 934 1348 structuram
956 1307 1017 1348 ced
1049 1323 1146 1348 cum
1175 1307 1418 1366 gerundivo
1439 1307 1569 1348 indu-

80 1388 196 1436 cat⁵3
226 1401 343 1426 nune
371 1385 560 1442 denique
586 1385 693 1426 haec
728 1393 798 1426 ant
829 1384 987 1425 similia
1017 1384 1210 1426 scribere
1241 1400 1328 1425 non
1357 1384 1528 1425 dubitat
1556 1402 1564 1424 ε

83 1481 103 1503 «
154 1462 256 1504 fecit
299 1462 454 1504 sedere
475 1463 504 1513 ⁰,
553 1462 690 1503 nudat
741 1462 930 1513 altari⁷;
998 1462 1186 1520 contigit
1232 1462 1378 1519 quod3
1447 1462 1567 1503 filare
1606 1486 1609 1489 ·

80 1540 225 1581 videt⁸
255 1557 276 1579 »
310 1564 368 1571 —
403 1557 424 1578 «
455 1555 542 1580 non
573 1539 805 1580 miseretur
833 1555 987 1580 vexare
1011 1540 1024 1560 ⁰
1052 1557 1072 1578 »
1096 1565 1153 1570 -—-
1181 1557 1202 1578 «
1236 1540 1309 1580 (lat
1338 1540 1458 1580 sitire
1475 1541 1503 1561 ¹⁰
1526 1557 1564 1580 ».

80 1617 231 1658 Multis
260 1617 303 1657 in
322 1616 429 1658 locis
452 1616 593 1657 eidem
616 1616 696 1667 illi,
723 1616 796 1673 qui
819 1616 953 1657 latina
984 1616 1250 1673 exemplaria
1277 1616 1443 1657 tamdiu
1467 1632 1567 1673 per-

81 1694 188 1752 legit
219 1702 261 1735 et
298 1709 447 1734 eorum
478 1702 614 1734 artem
645 1693 874 1744 combibit,
910 1719 968 1725 —
1003 1695 1126 1749 cujus
1155 1693 1319 1734 laboris
1361 1693 1472 1734 liber
1505 1694 1569 1734 De

80 1772 220 1828 Nugis
242 1770 402 1811 millies
425 1770 555 1811 fidem
580 1770 681 1811 facit
704 1770 939 1811 —latinae
965 1771 1141 1828 linguae
1164 1770 1357 1811 studium
1381 1779 1424 1812 et
1444 1786 1569 1811 usum

81 1856 225 1888 mente
251 1847 467 1889 excidisse
495 1846 666 1896 eredas,
691 1862 806 1897 eum,
827 1863 915 1887 non
941 1847 1197 1888 meminisse
1219 1847 1336 1888 visus
1359 1855 1569 1904 quantum

80 1924 303 1966 vocabulis
341 1924 560 1965 concretis
590 1923 793 1981 gaudeat,
831 1924 1167 1980 adjectivorum,
1194 1924 1502 1965 adverbiorum
1526 1932 1568 1964 et

80 2002 312 2043 verborum
346 2001 606 2058 praesertim
643 2001 760 2042 vices
797 2001 1084 2051 substantivis
1119 2001 1354 2042 abstractis
1392 2001 1562 2042 tribuit.

125 2151 154 2181 1.
176 2150 212 2181 P.
232 2150 262 2187 1,
285 2150 344 2180 lin.
370 2151 387 2181 3
408 2154 441 2180 et
460 2151 490 2179 4.

126 2199 154 2228 2.
177 2198 211 2228 P.
230 2198 282 2235 46,
307 2197 368 2228 lin.
388 2197 436 2227 26.

126 2247 155 2275 3.
183 2259 195 2270 ι
222 2245 313 2274 Inter
332 2255 393 2274 nos
414 2245 459 2274 sit
476 2244 668 2285 disputatio
686 2244 857 2284 quomodo
880 2244 994 2284 potuit
1014 2260 1025 2270 ι»
1051 2244 1219 2285 (indicat.)
1237 2245 1287 2284 (p.
1309 2245 1357 2280 22,
1379 2244 1427 2274 lin
1449 2244 1511 2284 11³).
1530 2262 1570 2266 —

87 2308 98 2319 a
124 2291 250 2323 Incidit
269 2292 418 2322 amicum
439 2291 545 2322 habui
569 2307 580 2317 n
601 2292 649 2331 (p.
674 2292 742 2328 142,
759 2291 818 2321 lin.
835 2292 903 2330 10);
924 2291 1013 2329 item,
1030 2302 1064 2332 p.
1083 2292 1153 2327 147,
1170 2291 1229 2322 lin.
1252 2294 1288 2329 9;
1307 2302 1341 2331 p.
1358 2291 1429 2328 219,
1449 2291 1511 2322 lin.
1534 2293 1568 2328 8;

86 2352 118 2380 p.
142 2341 213 2374 230,
236 2339 295 2370 lin.
318 2339 368 2370 11.

123 2388 152 2417 4.
175 2402 186 2412 ιι
214 2386 325 2416 Evicit
350 2386 393 2416 ab
416 2386 493 2426 ipso
518 2391 589 2416 tam
616 2386 711 2416 credi
733 2397 836 2426 quam
855 2386 966 2416 amari
992 2401 1004 2412 n
1026 2387 1074 2427 (p.
1094 2387 1166 2426 207,
1185 2386 1220 2416 in
1242 2386 1331 2427 fine).
1354 2404 1393 2408 —
1414 2400 1426 2411 a
1451 2386 1566 2416 Incola

80 2438 224 2475 questus
253 2437 305 2464 est
331 2432 485 2474 aliquam
511 2438 648 2474 partem
679 2434 756 2474 agri
786 2438 992 2474 occupatam
1020 2433 1128 2464 fuisse
1154 2448 1166 2459 ι·
1198 2437 1245 2474 (p.
1265 2434 1337 2471 217,
1360 2433 1394 2463 in
1419 2433 1511 2473 fine).
1534 2451 1572 2455 —

81 2496 93 2507 «-
119 2481 276 2521 Urgebat
294 2491 410 2521 regem
431 2480 544 2510 dicere
568 2497 579 2507 υ
607 2484 655 2521 (p.
679 2482 751 2518 230,
770 2481 831 2511 lin.
858 2482 900 2520 7).

117 2532 146 2560 5.
172 2543 184 2554 ι
211 2527 472 2558 concurrebant
495 2528 666 2568 inspicere
690 2543 701 2554 n
723 2529 769 2568 (p.
792 2529 863 2565 227,
888 2527 947 2559 lin.
968 2529 1012 2568 9).
1036 2546 1075 2551 —-
1101 2544 1112 2554 «ι
1140 2528 1267 2559 Missus
1289 2539 1454 2569 quaerere
1476 2527 1570 2557 auxi-

77 2576 162 2606 lium
182 2590 194 2601 ·-
221 2577 268 2616 (p.
292 2576 361 2610 230,
384 2575 445 2605 lin.
463 2576 508 2614 4).
530 2593 569 2598 -
599 2591 609 2600 u
643 2575 860 2616 Ubicumque
888 2586 951 2606 nos
975 2576 1113 2606 vocavit
1141 2576 1330 2606 necessitas
1355 2575 1495 2606 assilire
1520 2574 1571 2604 vel

75 2623 163 2653 tueri
188 2638 199 2649 »
222 2624 269 2663 (p.
293 2623 364 2659 234,
389 2621 449 2653 lin.
471 2624 516 2661 6).

115 2671 145 2701 6.
164 2672 209 2700 De
233 2669 352 2710 NugiS,
380 2680 415 2709 p.
441 2670 492 2705 71,
511 2669 572 2699 lin.
589 2671 620 2700 3.

118 2719 147 2748 7.
172 2717 273 2753 lbid.‚
297 2728 331 2757 p.
351 2718 402 2755 74,
428 2716 487 2746 lin.
511 2717 550 2753 8;
574 2727 607 2757 p.
624 2717 676 2755 76,
700 2717 762 2747 lin.
786 2718 835 2748 17.

119 2766 148 2795 8.
174 2765 210 2795 P.
231 2764 301 2798 185,
325 2763 390 2794 lin.
413 2764 463 2794 18.

122 2813 152 2842 9.
172 2812 208 2842 Ρ.
231 2811 389 2850 231‚1in.
415 2812 446 2842 2.

126 2860 174 2890 10.
196 2860 230 2890 P.
258 2860 333 2898 240,
354 2859 414 2889 lin.
437 2859 494 2896 173
517 2869 549 2898 p.
574 2859 644 2895 243,
670 2858 731 2890 lin.
757 2859 806 2889 16.
