1842 3288
241 318 300 348 176
735 320 785 345 DE
819 320 1042 346 WALTERIO
1078 319 1233 344 ΜΑΡΡῙΟ

301 408 421 458 Quae
462 414 663 461 poemata
703 405 821 446 sacili
860 405 973 462 stylo
1020 404 1184 460 scripta
1225 404 1276 444 ab
1318 404 1496 444 homine
1537 402 1731 443 omnium

242 466 556 546 Iltlel'itl‘izll‘tttli
588 482 744 523 artium
776 482 934 538 perito,
971 481 1201 522 sententiis
1232 480 1391 521 referta
1423 489 1513 521 tum
1541 480 1730 537 piorum,

243 569 333 600 tum
370 552 651 616 antiquorum
694 559 953 607 carminum,
998 557 1333 599 admirationem
1366 565 1408 598 et
1439 565 1610 614 gratum
1643 555 1735 596 ani-

248 653 362 676 mum
395 652 498 693 erga
534 636 882 677 Universitatum
916 635 1151 692 magistros
1183 634 1452 684 exhibentia,
1493 650 1602 691 quae
1637 649 1737 690 poc-

250 722 378 763 mata,
428 714 622 770 inquam,
663 713 857 769 exceptis
897 712 1041 752 tribus
1081 712 1155 752 ubi
1194 719 1346 751 auctor
1393 710 1530 751 surori
1564 711 1738 767 poetico

251 790 386 831 facete
422 806 468 830 ac
503 790 614 830 laete
651 789 869 847 indulget,
901 797 990 829 tota
1029 797 1130 828 sunt
1159 788 1201 828 in
1234 787 1399 828 minute
1434 786 1739 828 describendis

251 868 367 908 curis
415 867 548 907 animi
602 866 770 923 sagacis
817 875 859 906 ct
900 865 1113 922 religione
1169 864 1339 905 imbuti.
1391 863 1592 905 Pericula
1631 880 1741 921 quae

255 944 475 985 Ecclesiae
534 943 783 984 inseruntur
836 942 1132 999 propensione
1192 942 1350 982 Curiae
1407 941 1631 982 Romanae
1689 941 1743 982 ad

255 1022 401 1061 omnia
445 1020 732 1071 absumenda,
776 1019 1061 1075 ejusdemque
1113 1019 1276 1059 famosa
1317 1017 1586 1075 corruptela,
1637 1033 1744 1075 quo-

255 1097 453 1138 rumdam
492 1096 697 1138 ordinum
734 1096 1048 1137 monachorum
1085 1095 1256 1135 infirma
1295 1103 1437 1136 mente
1473 1103 1515 1135 ct
1549 1094 1742 1143 avaritia,

259 1175 495 1215 multorum
523 1174 819 1230 praelatorum
842 1182 932 1213 tum
965 1172 1141 1225 mentis,
1165 1180 1257 1212 tum
1286 1187 1450 1212 morum
1484 1171 1593 1212 mala
1617 1171 1744 1219 sama,

232 1253 363 1314 ‘hacc
424 1252 568 1292 omnia
616 1250 823 1292 audacter
875 1258 1083 1290 notantur
1136 1258 1177 1289 et
1235 1257 1413 1289 strenue
1465 1248 1746 1291 damnantur.

261 1329 379 1369 Idem
410 1337 560 1369 auctor
585 1343 711 1368 curas
734 1327 900 1367 ethicas
928 1342 1099 1367 necnon
1123 1334 1166 1366 et
1193 1324 1479 1366 sacerdotalia
1507 1341 1583 1366 sua
1608 1325 1751 1366 officia

261 1456 351 1497 quod
382 1455 550 1485 indicium
580 1459 629 1484 est
665 1454 782 1494 operis
811 1455 844 1483 in
882 1464 1021 1483 secessu
1055 1452 1253 1492 compositi,
1281 1451 1379 1491 cujus
1410 1452 1548 1492 generis
1573 1452 1753 1493 signanter

262 1508 343 1534 sunt
361 1502 493 1543 Mappii
511 1512 629 1542 opera.

304 1551 346 1580 ΙΙ.
372 1548 651 1589 Metamorphosis
677 1548 794 1579 Goliae
822 1548 861 1586 (Ι,
894 1548 936 1588 2).
965 1549 1092 1577 Auctor
1121 1558 1126 1577 ;
1155 1547 1186 1576 1“
1219 1547 1338 1577 effusis
1384 1546 1499 1577 verbis
1543 1546 1755 1577 Abelardum

263 1598 395 1632 laudat,
415 1597 458 1626 ab
488 1595 639 1626 inimicis
668 1596 757 1625 salso
782 1595 1036 1635 vituperatum3
1061 1596 1092 1623 2⁰
1116 1594 1261 1634 praebet
1281 1593 1551 1634 descriptionem
1576 1593 1756 1624 Universi-

266 1645 359 1677 tatis.
383 1644 456 1684 ejus
478 1644 658 1673 doctorum
684 1642 931 1682 doctrinaeque
957 1642 992 1671 in
1013 1642 1091 1682 ipsa
1111 1642 1280 1680 traditae3
1297 1643 1329 1670 3Ο
1345 1641 1384 1671 V.
1403 1642 1476 1680 206,
1488 1646 1659 1671 memorat
1679 1652 1757 1671 cum

265 1692 427 1722 laudibus
459 1691 674 1727 Mammium,
707 1689 963 1720 Exeteriensem
998 1689 1202 1729 episcopum
1231 1688 1328 1728 cujus
1359 1698 1484 1718 nomen
1514 1688 1549 1718 in
1582 1698 1686 1728 opere
1711 1690 1757 1718 De

265 1740 371 1781 Xngz's
387 1739 580 1779 reperimus
603 1741 650 1777 (p.
673 1738 743 1778 20):
762 1739 795 1767 4⁰
817 1737 865 1767 sic
891 1738 934 1767 ab
956 1737 1110 1776 antiquis
1133 1736 1303 1766 traditum
1324 1740 1389 1766 est.

310 1788 368 1817 111.
389 1790 502 1816 Sermo
526 1785 643 1815 Gallae
666 1786 704 1825 (Ι,
729 1788 772 1825 5),
795 1785 852 1825 qui
874 1784 1023 1814 materia
1040 1784 1143 1814 simul
1162 1789 1195 1814 et
1216 1788 1289 1813 arte
1310 1783 1448 1813 omnino
1470 1782 1595 1813 similis
1623 1783 1758 1814 duobus

268 1834 446 1875 prioribus
467 1833 680 1863 carminibus
703 1837 862 1872 apparet.

311 1882 366 1912 lv.
393 1879 611 1911 Praedicalio
644 1879 762 1910 Goliae
791 1880 831 1919 (Ι,
862 1880 924 1918 10).
957 1879 1110 1919 Operum
1135 1878 1359 1918 antiquorum
1388 1878 1660 1914 recordationes,
1688 1889 1763 1909 ver·

269 1933 393 1962 borum
408 1931 449 1961 de
464 1930 718 1961 mutationibus
735 1930 845 1964 lusus,
866 1929 945 1958 fidei
961 1929 1149 1969 religiosae
1173 1928 1369 1966 sinceritas,
1385 1928 1470 1958 haec
1485 1928 1603 1958 omnia
1623 1933 1764 1958 monent

270 1990 357 2019 opus
377 1988 452 2009 esse
475 1977 630 2018 ejusdem
649 1977 786 2017 generis
808 1981 840 2007 et
860 1976 1025 2006 auctoris.

314 2027 351 2056 Y.
376 2028 422 2056 De
445 2025 556 2067 gratis
579 2025 757 2055 Monaclzt's
782 2025 821 2065 (Ι,
847 2025 908 2063 11).
935 2025 1145 2064 Frequentes
1171 2023 1373 2064 allegoriae,
1395 2023 1552 2054 convicia
1578 2023 1613 2053 in
1639 2023 1765 2054 Cister-

272 2084 404 2106 censes,
430 2073 552 2103 laudes
577 2077 688 2103 status
716 2072 914 2107 monastici,
937 2071 1051 2101 omnia
1077 2070 1222 2111 denique
1248 2070 1377 2100 indicia
1401 2080 1488 2111 quae
1510 2071 1559 2101 W.
1585 2070 1765 2111 Mappium

273 2126 406 2157 notant,
430 2120 652 2160 reperiuntur
672 2120 706 2149 in
722 2119 787 2149 hoc
808 2123 979 2159 poemate.

315 2169 370 2199 Vl.
402 2167 574 2209 Confessio
601 2167 717 2197 Golia&
747 2168 784 2206 (Ι.
814 2167 877 2207 15).
911 2167 942 2196 1⁰
968 2165 1131 2196 Giraldus
1161 2165 1381 2195 Cambrensis
1411 2165 1516 2195 habet
1547 2165 1611 2195 hoc
1644 2176 1768 2206 poema

276 2221 313 2247 ut
337 2215 607 2256 descriptionem
628 2225 732 2255 quam
760 2215 801 2244 de
822 2224 857 2244 se
881 2214 958 2253 ipso
978 2212 1119 2253 scripsit
1142 2211 1322 2252 Mappius;
1346 2213 1378 2242 2⁰
1395 2212 1460 2242 hae
1487 2212 1653 2253 strophae
1673 2213 1768 2243 effin-

278 2268 364 2304 gunt
402 2262 614 2303 potatoriam
659 2262 930 2296 cantiuneulam,
969 2271 1056 2301 quae
1092 2264 1130 2290 ut
1161 2260 1211 2289 W.
1246 2259 1379 2299 Mappii
1407 2270 1495 2300 opus
1529 2260 1676 2300 vulgata
1704 2265 1768 2291 est.

279 2313 309 2340 30
332 2311 517 2351 episcopus
541 2309 796 2340 Covcntriensis
819 2309 861 2338 ad
880 2319 981 2348 quem
1005 2307 1129 2337 alludit
1149 2317 1270 2336 versus
1285 2308 1336 2345 95,
1360 2307 1423 2337 fuit
1441 2307 1572 2348 Mappii
1593 2307 1769 2348 aequalis3

321 2358 392 2388 VII.
427 2360 472 2387 De
506 2357 647 2398 conjuge
679 2367 744 2386 non
781 2356 938 2385 ducenda
974 2355 1014 2394 (1,
1040 2356 1092 2395 17)
1122 2364 1189 2383 non
1223 2358 1275 2383 est.
1304 2354 1372 2384 nisi
1404 2354 1590 2394 explicatio
1626 2355 1771 2395 capituli

281 2406 334 2439 IV,
355 2407 384 2436 3.
406 2407 452 2434 De
473 2405 592 2446 Nugis.

319 2451 595 2493 VIII..D1‘alogus
618 2451 700 2481 intes
728 2462 854 2492 aquam
878 2454 909 2480 et
927 2450 1038 2479 vinum
1065 2450 1104 2489 (Ι,
1129 2450 1178 2489 19)
1203 2461 1209 2480 ;
1228 2449 1264 2478 10
1285 2448 1423 2478 initium
1446 2448 1538 2479 idem
1566 2453 1619 2479 est
1637 2449 1727 2490 quod
1745 2450 1771 2486 Ι,

280 2501 329 2537 Μ’,
352 2501 385 2529 2⁰
403 2500 587 2529 verbosam
604 2499 799 2529 ubertatem
822 2508 911 2537 quae
932 2497 987 2527 hic
1011 2501 1075 2533 est,
1098 2497 1215 2527 videre
1239 2499 1292 2526 est
1315 2496 1350 2526 in
1369 2496 1516 2527 caeteris
1540 2496 1773 2537 poematibus.

322 2548 377 2577 lx.
405 2546 586 2577 Cambriae
612 2546 752 2586 epitome
780 2546 835 2584 (11,
858 2545 901 2585 li).
928 2544 1245 2584 Manuscriptorum
1270 2543 1539 2584 traditionisque
1562 2544 1774 2582 testimonia,

282 2593 434 2624 auctoris
464 2594 498 2624 in
526 2593 709 2624 Giraldum
742 2592 990 2622 Cambrensem
1020 2591 1186 2629 amicitia,
1217 2591 1251 2620 in
1281 2591 1460 2621 fabulosas
1496 2591 1537 2621 de
1567 2591 1677 2622 natali
1701 2591 1775 2621 solo

283 2641 502 2672 narrationes
522 2641 687 2676 studium,
710 2650 771 2670 nos
790 2639 956 2669 inducunt
977 2639 1020 2668 ad
1042 2639 1104 2669 hoc
1123 2649 1247 2678 poema
1264 2639 1316 2668 w.
1331 2638 1471 2679 Mappio
1493 2639 1774 2669 adscribendum.

326 2689 364 2719 X.
387 2690 511 2719 Contra
536 2687 734 2718 ambitiosos
760 2690 792 2717 et
814 2698 935 2716 avaros
956 2687 1013 2726 (ΙΙ,
1033 2687 1076 2726 8).
1099 2687 1226 2716 Versus
1252 2686 1310 2715 '1150
1337 2686 1510 2726 reperitur
1541 2686 1577 2716 in
1603 2697 1706 2727 opere
1731 2688 1778 2716 De

285 2736 405 2778 Xugis,
425 2747 460 2776 p.
482 2738 532 2766 50.

329 2784 366 2815 D.
386 2784 517 2824 Morley
539 2782 762 2813 adscribebat
782 2781 922 2822 Mappio
945 2781 1069 2811 solum.
1093 2781 1120 2819 I,
1138 2781 1194 2816 w,
1215 2781 1286 2816 vn,
1307 2781 1361 2818 lx,
1379 2781 1446 2812 vol.
1470 2781 1530 2817 Ill,
1549 2792 1583 2822 p.
1610 2781 1776 2812 174.Hist.

290 2831 369 2869 llll„
394 2831 462 2861 vol.
483 2831 584 2868 XXII,
603 2841 638 2871 p.
661 2830 731 2867 160,
754 2828 921 2858 adscribit
946 2828 1087 2868 insuper
1108 2828 1261 2868 Mappio,
1287 2831 1437 2868 practer,
1461 2828 1486 2868 Ι,
1513 2829 1555 2865 ΙΙ,
1579 2829 1638 2866 ΙΙΙ,
1661 2830 1717 2868 IV,
1742 2829 1778 2865 V,

289 2879 361 2915 Vll,
387 2883 419 2909 et
441 2878 587 2919 denique
604 2881 767 2918 poemata
784 2876 877 2907 edita
900 2887 919 2906 a
942 2875 1095 2916 Wright,
1119 2886 1154 2915 p.
1177 2876 1249 2914 257,
1270 2876 1341 2906 258.
